2152 4066
291 95 337 138 nu
351 94 494 140 acernus
510 96 680 140 nunnius.
891 78 955 146 219

10 236 121 317 iuv'ant
147 239 187 299 cd
212 238 306 299 ardua
333 240 500 317 superanda
513 244 635 302 etbona
649 243 861 322 prosequenda,
884 242 956 303 item

11 322 159 397 quatenns
172 320 334 379 niaximum
347 322 490 381 virtutum
507 323 680 382 exercitium
693 324 831 383 'consistit
844 323 876 380 in
889 346 956 402 pas·

16 403 132 459 donum
141 401 304 460 directione
316 412 346 460 et
355 403 595 462 mortificatione:
612 416 646 461 ut
660 405 763 464 meritd
774 404 884 463 dixerit
897 406 957 463 Job

17 498 79 559 cap.
94 490 124 548 7.
136 502 165 540 v.
182 488 209 538 1.
234 482 376 540 “Militia
389 483 506 542 estvita
519 484 647 543 hominis
662 505 751 562 super
765 495 875 543 terram
884 486 911 554 ;'''
925 485 957 542 in

18 559 72 621 ltoc
82 561 164 620 enim
188 571 267 621 statu
281 571 393 622 natura
408 575 565 642 corrupta,
591 565 741 642 passiones
755 566 850 623 solent
864 566 958 644 magis

20 642 159 701 inclinare
183 654 214 702 et
237 643 409 722 protrahere
428 643 467 701 ad
486 645 557 702 vitia
570 658 695 723 propter
717 646 876 715 sensibilia,
893 667 958 723 quaa

23 728 118 861 pprote
133 723 229 800 magis
238 732 317 790 nota,
333 725 427 801 magis
441 724 571 796 feriuut3
587 738 617 783 et
631 726 700 785 hinc
715 746 872 784 commune
883 727 959 786 illud

54 815 135 862 atum
150 826 158 863 ι
173 814 192 837 “
204 804 290 863 vince
303 814 333 862 te
344 805 471 882 ipsum.'’
649 868 658 881 r

56 886 113 943 tv.
125 887 205 944 Nota
215 904 252 943 ex
265 886 293 943 S.
307 885 413 942 'l'hom
424 897 478 943 art.
491 895 519 945 2.
530 886 680 964 passiones
694 896 766 947 tunc
780 908 844 946 esse
857 889 958 958 bonas,

10 986 12 1019 ε
24 962 136 1102 poentio
151 975 222 1024 sunt
236 967 251 1022 al
265 976 347 1024 recta
359 966 472 1024 ratione
486 966 605 1026 directae
620 991 628 1038 3
641 969 722 1027 unde
745 969 770 1027 si
791 979 871 1027 recta
885 969 960 1028 ratio

21 1058 26 1071 “
43 1044 118 1116 etet,
134 1047 167 1104 in
180 1045 227 1102 his
241 1046 290 1104 vel
301 1048 332 1104 in
342 1046 399 1105 illis
408 1047 637 1106 circumstantiis
649 1049 816 1119 convenire,
826 1059 860 1107 ut
870 1049 960 1107 homo

10 1124 115 1184 :doleat
129 1126 180 1184 vel
193 1126 346 1197 irascatur,
371 1127 500 1185 dolendo
522 1127 569 1185 vel
594 1128 748 1187 irascendo
773 1149 834 1189 uon
848 1144 959 1207 peccat,

21 1207 64 1266 ted
79 1207 163 1264 bene
173 1206 252 1284 agit:
269 1208 447 1284 sicMoyses
462 1228 490 1265 v.
504 1228 533 1284 g.
547 1211 636 1289 justis
651 1208 689 1267 de
711 1210 807 1268 causis
821 1210 879 1267 fuit
892 1231 960 1287 gra-

24 1288 90 1344 viter
107 1286 214 1357 iratus,
230 1287 327 1345 Exodi
342 1308 407 1365 cap.
423 1294 471 1367 32.
494 1308 524 1347 v.
552 1298 596 1358 19,
621 1301 744 1368 propter
759 1290 961 1348 adorationem

18 1387 125 1445 nempe
140 1367 229 1425 vituli
243 1368 334 1426 aurei.
378 1369 453 1426 Vide
467 1369 556 1428 etiam
571 1371 600 1428 S.
617 1369 674 1427 Th.
688 1382 744 1431 art.
759 1379 788 1429 3.

37 1470 40 1475 ·
51 1448 81 1504 N
84 1456 140 1505 ota
155 1447 196 1506 2⁰.
210 1460 308 1506 motus
320 1448 503 1507 inordinatos
515 1449 685 1526 passionum
697 1470 757 1508 non
767 1471 829 1509 esse
840 1463 962 1528 peccata

11 1529 164 1599 formalia,
179 1529 235 1586 nisi
250 1529 386 1587 voluntas
400 1530 443 1588 eis
458 1531 621 1589 consentiat
631 1530 744 1589 directe
759 1532 807 1588 vel
819 1531 960 1590 indirecte

10 1630 61 1670 eos
89 1608 260 1679 excitando,
285 1629 346 1667 non
370 1611 559 1686 reprimendo
579 1611 624 1668 vel
640 1611 823 1688 repellendo,
839 1610 886 1671 vel
899 1631 960 1669 non

10 1695 94 1750 recte
111 1689 272 1768 dirigendo
283 1689 320 1749 ad
331 1689 420 1748 finem
435 1691 579 1749 debitum.

134 1918 137 1923 ι
176 1852 280 1921 nar.
319 1853 376 1911 nn
393 1853 539 1913 causis
556 1831 813 1913 rassiouuu.

17 2015 41 2074 l.
61 2013 168 2072 Canace
178 2013 348 2092 passionum.
393 2013 433 2070 ll.
459 2014 598 2070 Gaudium
612 2021 638 2070 et
652 2012 766 2070 tristitia
787 2022 851 2071 sunt
866 2014 961 2091 pnaaiss

360 2112 424 2150 orrea
439 2092 622 2172 principales.
952 2115 954 2119 ’

60 2257 261 2328 QUAENAM
275 2256 451 2334 generaliter
466 2265 535 2312 sunt
548 2254 718 2332 passionum
733 2259 850 2314 causae?
946 2263 953 2286 ·'

60 2336 86 2396 l.
101 2338 136 2394 R.
152 2339 247 2395 Causa
260 2338 409 2415 passiones
424 2335 592 2393 immediate
607 2335 727 2394 eliciens
742 2347 786 2393 cst
798 2337 960 2413 ipseappe-

22 2417 93 2474 titus
121 2419 298 2476 sensitivus:
326 2416 419 2474 catrsoe
435 2418 598 2474 excitantes
621 2416 668 2474 vel
683 2415 879 2475 occasionales
894 2428 962 2472 sunt

25 2495 168 2572 plurimae.

64 2579 163 2637 Prima
177 2590 221 2637 est
244 2579 309 2656 ipsa
332 2578 467 2636 voluntas
482 2579 638 2654 imperans.
683 2576 829 2645 Secunda,
843 2576 962 2633 habitus

27 2671 53 2718 et
71 2660 266 2718 consuetudo.
308 2659 418 2728 Tertia,
433 2661 549 2716 interna
564 2657 739 2734 complexio,
755 2669 834 2715 certa
855 2657 963 2718 consti-

26 2739 97 2798 tutio
112 2752 164 2799 aut
178 2739 360 2797 abundantia
374 2739 531 2796 humorum
548 2748 577 2795 et
592 2739 750 2814 spirituum
771 2737 941 2795 animalium
954 2759 964 2804 3

28 2842 81 2898 quo
91 2821 184 2880 modo
195 2821 316 2897 sanguis
325 2819 437 2876 calidus
448 2832 477 2876 et
487 2818 610 2876 biliosus
620 2831 664 2876 est
677 2839 765 2878 causa
775 2819 835 2875 irae.
851 2818 966 2888 Quarta

29 2920 109 2960 causa
124 2902 171 2960 vel
186 2903 300 2960 occasio
314 2911 383 2958 sunt
397 2900 512 2976 objecta
526 2911 647 2958 externa
659 2911 688 2957 et
704 2920 814 2957 sensus.
841 2897 963 2970 Quinta,

29 2982 159 3059 Angelus
174 2992 203 3040 et
217 2980 362 3039 diabolus.
406 2981 503 3048 Sexta,
519 2981 620 3050 Deus;
639 2981 780 3057 Septima,
797 2999 854 3037 una
868 2976 964 3055 passio

29 3072 67 3119 est
79 3083 159 3140 saepe
175 3083 263 3120 causa
277 3061 407 3120 alterius.

63 3142 105 3201 ll.
123 3145 216 3201 Notat
231 3144 260 3200 S.
277 3142 382 3200 l'hom.
398 3153 492 3218 quaest
506 3147 552 3200 25.
569 3151 623 3197 art.
639 3147 662 3196 l.
678 3151 708 3197 et
728 3148 754 3197 4.
770 3138 850 3216 quod
864 3157 965 3195 omnes

30 3224 174 3299 passiones
187 3222 306 3282 tandem
322 3224 518 3280 terminentur
533 3221 561 3276 in
578 3220 720 3296 gaudium
738 3222 784 3277 vel
799 3220 965 3276 tristitiam:

31 3303 170 3379 optimum
183 3304 310 3382 proinde
323 3302 486 3359 remedium
500 3301 620 3358 curandi
633 3311 662 3358 et
673 3300 835 3376 repellendi
845 3299 965 3354 nimiam

32 3383 174 3441 tristitiam
202 3395 232 3442 et
256 3383 480 3440 melancholiam
507 3394 560 3451 est,
586 3380 734 3438 abstinere
759 3391 788 3438 et
810 3399 914 3437 cavere
928 3381 965 3435 ab

31 3458 104 3520 omni
115 3465 260 3541 passione.

66 3543 150 3603 Hinc
163 3544 287 3622 inquirit
297 3544 325 3602 S.
338 3542 443 3600 Tltom.
454 3541 471 3599 al
483 3552 587 3618 quaest.
597 3549 644 3599 25.
658 3541 745 3598 citata
759 3560 853 3616 usque
867 3539 904 3596 ad
917 3547 965 3597 ts.

34 3623 169 3682 inclusive
185 3624 368 3701 singularum
384 3622 550 3701 passionum
564 3633 711 3688 naturam,
723 3641 835 3689 causas,
846 3620 967 3677 effectus

35 3705 203 3774 dromadis,
214 3704 267 3762 sed
280 3703 438 3761 admodum
453 3701 592 3779 physici:
623 3701 727 3759 horum
738 3712 836 3759 tamen
847 3701 967 3779 scientia

37 3782 108 3846 utilis
121 3804 186 3845 esse
199 3794 297 3863 potest
310 3784 496 3843 Conl'essario
509 3783 541 3839 in
554 3781 657 3840 ordine
681 3781 720 3839 ad
733 3779 965 3859 praescribendae

467 3872 523 3926 υ2
