2152 4066
349 109 395 154 mr
417 110 561 154 acrinus
585 109 754 154 anasum.
954 93 1018 161 209

59 252 181 318 latoris
195 278 253 332 3ea
265 276 394 337 quoque,
408 256 549 335 quaeistis
562 254 800 335 legibustantdm
811 256 1017 335 prohibentur,
1062 330 1065 339 ,

62 354 134 395 non
160 350 234 399 sunt
255 337 413 397 intrinsece
435 338 529 408 mala3
551 337 654 395 verbm
676 337 725 396 lex
745 336 887 396 naturalis
904 337 1019 397 homini

67 438 142 477 cum
153 430 265 483 natura
277 430 323 477 eat
336 418 503 495 congenita,
528 429 559 476 et
572 416 687 476 tantum
702 418 835 476 continet
857 419 1018 477 intrinsece

68 498 154 559 bona
166 500 216 560 v'cl
230 499 326 569 mala3
348 497 429 556 uude
452 498 541 555 homo
563 497 593 554 in
618 518 648 555 se
670 498 850 575 principium
874 497 964 557 habet
989 511 1019 557 et

69 580 208 639 medium
222 578 426 656 cognoscendi
434 578 530 656 legem
545 589 667 647 naturae,
691 578 865 656 inquantum
884 598 1017 638 necessa-

69 658 152 719 rium
165 671 221 732 est,
243 670 278 718 ut
291 670 393 735 eontra
405 679 469 717 eam
484 678 544 716 non
558 669 636 737 agat.

112 740 188 819 obj.
210 742 241 801 Si
255 740 344 799 homo
358 757 426 798 cum
439 740 535 816 gratia
555 739 612 797 Dei
636 738 756 806 faceret,
777 739 860 814 quod
871 740 902 796 in
917 760 949 798 se
961 753 1016 812 est,

73 818 294 880 illuminaretur
307 819 395 876 etiam
409 819 439 875 in
454 821 472 879 J
476 838 529 877 ure
545 820 657 877 Divino
669 819 816 896 positiv0;
842 841 914 897 ergo
928 821 1018 880 homo

74 898 105 957 in
124 901 284 979 praeceptis
298 899 365 961 fidei
377 898 465 958 etiam
477 899 568 959 habet
580 899 710 958 medium
725 899 864 957 vincendi
879 902 1017 976 ignoran-

73 978 164 1040 tiam:
194 982 337 1058 adeoque,
361 977 474 1037 siillud
487 978 629 1056 negligat,
657 977 824 1056 ignorantia
837 978 888 1039 illa
902 1001 1017 1059 semper

78 1059 130 1118 erit
142 1062 295 1120 vincibilis
309 1071 339 1118 et
352 1060 518 1119 uoluntaria
530 1060 561 1117 in
574 1059 626 1117 illo
638 1059 787 1136 neglectu.

58 1150 61 1175 ²
116 1141 150 1200 R.
175 1143 219 1202 Ut
235 1140 401 1220 ignorantia
416 1139 455 1197 sit
469 1138 627 1211 vincibilis,
642 1159 703 1198 non
718 1141 825 1199 sufficit
838 1140 942 1199 haberi
956 1161 1017 1199 me-

58 1222 66 1281 2',
79 1220 167 1301 diqm,
183 1221 337 1300 quovinci
353 1229 459 1298 potest,
474 1220 527 1277 sed
540 1221 712 1298 requiritur,
732 1232 766 1278 ut
780 1221 869 1278 horno
881 1222 974 1299 possit
988 1232 1018 1278 et

58 1300 182 1360 *debeat
199 1300 367 1380 praevitlere
386 1320 422 1358 ex
445 1301 585 1378 neglectu
611 1301 678 1359 talis
701 1300 793 1358 medii
820 1301 1018 1378 ignorantiam

58 1380 152 1441 illlam
169 1394 340 1441 secuturam
352 1404 362 1452 ;
375 1381 434 1460 jam
449 1392 548 1438 autem
562 1381 651 1439 homo
663 1400 723 1438 non
733 1391 832 1458 potest
843 1381 1017 1460 praevidere,

60 1464 66 1525 l
79 1460 153 1539 qudd
168 1482 206 1521 ex
221 1482 281 1520 non
296 1461 501 1539 cooperatione
516 1461 619 1539 gratiae
634 1472 771 1519 secutura
795 1462 832 1520 sit
851 1462 1019 1539 ignorantia

58 1528 284 1620 luysteriorum
299 1541 368 1600 fidei
376 1566 386 1614 3
401 1562 473 1616 ergo
488 1542 576 1621 juxta
587 1542 667 1600 dicta
681 1543 771 1601 Num.
795 1549 844 1601 24.
868 1541 920 1600 illa
933 1542 1018 1619 igno-

58 1618 167 1682 'entia
187 1642 250 1680 non
264 1623 320 1681 erit
342 1622 516 1684 voluntaria,
557 1621 651 1681 Aliud
675 1621 771 1680 estin
790 1621 859 1699 jure
883 1631 1017 1691 naturae;

70 1702 139 1778 quia
161 1703 208 1762 ibi
231 1702 431 1781 homopotest
453 1704 618 1779 praevidere
640 1713 671 1760 et
693 1700 791 1770 debet,
819 1722 855 1761 ex
879 1701 1018 1780 neglectu

64 1782 242 1843 mediorum
255 1783 450 1861 ignorantiam
466 1794 641 1842 secuturam.

101 1862 248 1924 inferes:
263 1882 336 1940 ergo
347 1863 395 1922 lex
411 1863 522 1922 Divina
535 1862 649 1940 obligat
662 1863 699 1922 ad
713 1863 912 1941 impossibile;
935 1865 1016 1940 quia,

60 1944 155 2022 quod
168 1956 217 2004 est
229 1944 412 2013 invincibile,
427 1954 471 2002 est
484 1942 634 2002 moraliter
648 1943 838 2020 impossibile.

104 2025 149 2082 R.
173 2026 253 2103 Neg.
275 2023 445 2101 sequelam:
466 2043 535 2081 nam
561 2023 610 2082 lex
635 2024 748 2082 Divina
772 2024 935 2082 formaliter
959 2043 1019 2080 non

61 2103 189 2183 obligat
203 2105 287 2165 illum
310 2104 461 2162 hominem
481 2105 513 2162 in
535 2103 715 2182 particulari,
739 2104 881 2182 quamdiu
902 2104 1017 2161 laborat

59 2184 74 2243 i
121 2187 241 2244 orantia
266 2185 444 2243 invincibili.
485 2185 596 2243 Poterit
619 2195 718 2241 tamen
740 2185 807 2242 talis
829 2184 961 2242 damnari
977 2187 1016 2241 ob

62 2204 126 2324 iiiia
140 2276 275 2344 peccata,
297 2266 321 2322 si
335 2265 366 2322 in
376 2264 428 2322 illa
441 2265 610 2342 ignorantia
624 2275 804 2342 perseveret.

108 2347 235 2405 Docent
259 2344 388 2405 Boudart
412 2355 442 2402 et
465 2346 646 2422 Steyaertius
671 2349 701 2401 in
728 2343 944 2423 appendicibus
978 2346 1015 2401 ad

68 2427 202 2504 primam
215 2437 330 2504 partein
355 2424 611 2503 Aphorismorum,
633 2426 781 2483 neminem
805 2424 1016 2482 invincibiliter

70 2506 212 2584 ignorare
233 2526 319 2584 posse
339 2507 396 2565 ,lus
418 2504 563 2563 Divinum
588 2505 747 2582 positivum
763 2504 818 2563 sibi
841 2505 1017 2562 sufficienter

71 2588 307 2667 promulgatum,
332 2586 364 2643 id
378 2597 431 2654 est,
445 2586 603 2653 neminem,
627 2585 736 2663 cuijus
757 2584 831 2643 illud
845 2584 1016 2662 promulga-

74 2678 138 2724 tum
152 2667 201 2737 sit,
223 2679 253 2726 et
271 2686 358 2744 quem
371 2665 506 2742 proinde,
520 2665 641 2742 obliget,
657 2666 791 2724 excusari
806 2665 907 2722 saltem
923 2665 1017 2723 dtoto

76 2767 127 2829 per
139 2748 252 2806 malum
263 2746 544 2815 illiusintellectum,
560 2757 662 2823 utpote
676 2749 744 2803 cum
758 2747 869 2803 bonum
884 2744 1016 2803 intellec-

76 2836 135 2886 tum
149 2828 268 2907 assequi
281 2827 374 2905 possit
386 2845 440 2903 per
453 2825 551 2884 media
566 2827 656 2884 Num.
672 2825 720 2885 46.
733 2826 894 2904 proposita.

116 2909 264 2966 Probatur
278 2927 314 2965 ex
329 2927 373 2976 eo,
390 2906 471 2984 quod
487 2908 516 2965 S.
532 2906 639 2968 Thom.
655 2904 726 2964 locis
739 2909 830 2964 Num.
843 2914 890 2973 47.
905 2905 1017 2964 adduc-

80 2986 115 3046 tis
134 2989 314 3066 generaliter
339 2996 448 3046 statuat
469 2987 501 3045 in
523 2986 592 3056 illis,
616 3006 684 3062 quae
697 2987 781 3046 Juris
807 2987 913 3045 Divini
937 2998 1016 3056 sunt,

83 3068 271 3144 ignorantiam
294 3088 354 3126 non
379 3087 530 3136 excusare,
563 3067 645 3125 nullt
673 3067 751 3124 inter
776 3069 833 3127 Jus
859 3067 1015 3136 Divinum,

77 3149 224 3219 ‘naturale
236 3159 266 3207 et
278 3148 449 3227 positivum,
471 3148 548 3206 facti
564 3147 760 3205 distinctione.
803 3147 917 3205 Eodem
929 3145 1018 3205 modo

84 3228 209 3307 loquitur
225 3230 352 3300 Gerson,
373 3229 438 3286 loco
453 3227 561 3286 ibidem
577 3228 675 3286 citato.

117 3308 217 3369 Aliter
242 3329 273 3368 se
297 3310 388 3367 habet
410 3308 458 3366 lex
481 3307 609 3384 positiva
632 3306 771 3375 humana,
793 3307 888 3386 cujus,
904 3306 1018 3364 etiamsi

85 3388 147 3447 nihi
173 3390 352 3448 sufficienter
376 3387 563 3469 promulgata
590 3388 636 3458 sit,
667 3406 784 3446 sensum
809 3386 1020 3445 invincibiliter

83 3469 214 3548 ignorare
225 3490 352 3551 possum.
