2160 4072
87 118 154 187 ωδ
467 130 669 179 rnrcrsros

88 282 252 343 multorum
259 299 270 349 ς
282 276 366 349 item,
379 277 421 339 ait
435 278 544 349 Collet,
557 276 585 339 si
597 275 774 357 peonitentia
791 296 879 337 error
891 278 1025 356 vergrtir
1058 297 1072 336 r

89 364 231 425 damnum
251 379 344 437 grave
364 358 491 438 alicujus
512 356 712 439 particularis.
767 358 848 419 Haec
869 357 1027 420 latihsvide
1060 379 1072 415 r

90 443 184 503 Num.
200 447 267 500 154.
293 439 362 499 “de
376 441 567 517 sacramento
581 436 799 498 Poenitentiae.”
1060 462 1072 525 q

180 604 303 661 u.1s1.
343 601 403 661 or
426 602 546 663 rurs
566 596 738 659 Assum
761 596 956 659 nsouts.
1060 558 1072 576 '⁴

92 722 116 780 Ι.
138 722 274 780 Protuta
288 719 391 810 agendi
404 706 504 801 regulo
517 718 672 799 requiritur
684 716 826 777 certitudo
839 717 966 789 morulis,
995 718 1030 778 11.
1062 702 1072 737 ⁵

131 798 198 858 Nou
221 799 343 879 phyrtco
366 807 416 857 aut
438 798 636 879 metaphysica.
676 798 739 858 III.
764 796 917 857 certitudo
929 797 1032 857 morulis
1067 861 1072 869 ,

130 878 339 1016 gyplyiqnedv.
360 876 532 957 Explicatur
552 878 676 937 dietum:
693 876 799 956 proris
813 874 917 957 differt
938 878 958 934 d
980 896 1032 957 spe.

132 1077 419 1150 QUANDONAM
439 1076 555 1155 aliquid
568 1086 614 1137 est
626 1086 693 1137 tuta
706 1075 818 1154 egendi
830 1076 965 1153 regula?

134 1159 159 1217 Ι.
184 1160 218 1217 Β.
234 1158 364 1231 Quando
375 1156 477 1216 reddit
489 1168 625 1235 agentem
640 1157 793 1218 moraliter
807 1166 930 1217 certum
940 1156 979 1217 de
989 1155 1036 1217 ho·

93 1248 266 1299 nestnteseu
278 1237 408 1297 liceitate
421 1238 546 1297 actionis
553 1262 563 1310 ;
572 1239 646 1309 sive,
661 1239 743 1317 quod
754 1237 840 1295 idem
854 1248 912 1307 est,
926 1237 1036 1315 quaudo

93 1339 184 1397 agens
207 1328 306 1397 potest
328 1319 457 1377 formare
467 1318 618 1396 judicium
630 1318 799 1397 practicam
812 1319 889 1377 vere
901 1318 1035 1395 prudeus,

93 1400 240 1459 actionem
262 1419 347 1459 suam
369 1398 419 1457 hic
444 1409 474 1457 et
495 1418 576 1459 nunc
598 1420 661 1459 esse
683 1399 844 1458 honestam·
866 1408 900 1457 et
925 1398 1035 1459 licitum

95 1479 183 1539 Ratio
206 1488 261 1552 est,
283 1479 365 1558 quid
377 1498 469 1557 agens
481 1480 595 1558 absque
607 1480 660 1539 tali
672 1478 857 1539 certitudine
871 1499 906 1537 se
918 1488 1036 1558 exponit

93 1560 228 1637 periculo
240 1561 355 1629 morali,
377 1579 415 1618 ne
428 1560 506 1619 aetio
518 1580 573 1619 suo
585 1561 624 1619 sit
636 1559 740 1619 illicita
749 1568 781 1619 et
794 1558 960 1619 inhonesta
971 1580 981 1621 s
992 1558 1035 1637 qui
1068 1592 1072 1627 j

93 1650 194 1699 autem
208 1660 239 1699 se
253 1642 376 1718 exponit
388 1641 440 1698 tali
453 1641 598 1719 periculo,
618 1660 655 1699 eo
666 1640 734 1733 ipso
745 1651 865 1718 peceat.
1059 1652 1072 1715 ,ξ

135 1721 178 1779 11.
199 1720 237 1778 ln
251 1720 368 1779 actibus
380 1718 519 1780 humanis
531 1740 594 1780 non
602 1721 766 1798 requtritur
776 1720 932 1779 certitudo
944 1720 1034 1799 physi·
1058 1734 1071 1789 q

94 1821 137 1869 cu,
158 1809 212 1859 aut
224 1800 427 1880 metaphysica
440 1800 479 1860 de
492 1800 655 1872 honestate,
676 1801 729 1861 sed
743 1801 856 1861 sufficit
870 1800 998 1871 morulis,
1008 1810 1034 1859 nt
1053 1784 1072 1891 lq

94 1881 182 1941 docet
204 1882 234 1940 S.
260 1880 369 1943 Thom.
397 1889 421 1940 1.
448 1889 477 1941 2.
502 1892 607 1960 quaest.
629 1882 677 1953 96.
691 1891 746 1941 art.
763 1890 792 1941 l.
814 1881 857 1941 ud
872 1890 902 1942 8.
924 1900 961 1941 ae
974 1888 1000 1940 2.
1010 1888 1032 1945 2.
1054 1901 1072 1969 y

95 1973 198 2039 quaest.
214 1968 263 2029 70.
285 1972 341 2020 art.
356 1969 385 2021 2.
400 1961 432 2019 in
453 1968 472 1995 “
486 1964 594 2036 torp?
1053 1972 1072 2031 {32

136 2043 264 2120 Physica
288 2043 367 2100 enim
388 2042 437 2101 vel
450 2043 655 2120 metaphysica
667 2043 699 2100 in
711 2041 870 2120 plerisque
884 2043 1029 2105 moralibus
1053 2048 1072 2112 'r

94 2124 179 2180 nobis
193 2134 238 2181 est
248 2122 449 2201 impossibilis,
464 2122 503 2181 ad
513 2143 602 2199 quam
613 2123 739 2201 proinde
749 2122 835 2181 Deus
846 2142 912 2181 non
926 2123 1029 2201 obligat

95 2204 202 2279 Neque
216 2202 304 2261 etiam
320 2223 436 2281 semper
450 2203 612 2281 requiritur
627 2203 775 2262 certitudo
798 2203 984 2281 speculativa
1002 2201 1029 2260 de
1060 2232 1072 2271 y

93 2284 227 2353 veritate,
242 2282 296 2343 sed
310 2284 472 2363 requiritur
486 2294 516 2343 et
530 2284 637 2343 sufficit
655 2284 787 2362 practica
805 2285 846 2342 de
872 2283 1017 2343 honestate
1022 2305 1029 2351 ;
1061 2312 1072 2352 q

92 2365 277 2441 speculativa
287 2364 367 2423 enim
381 2365 469 2423 etiam
481 2384 559 2443 saepe
573 2374 618 2423 est
632 2363 834 2441 impossibilis.
1063 2378 1072 2430 q

134 2445 205 2524 Obj.
221 2444 316 2504 Licite
330 2444 511 2504 absolvimus
524 2445 737 2505 moribundum
749 2444 845 2504 dubie
857 2444 1029 2523 dispositum,
1056 2460 1072 2510 *s

93 2525 175 2603 atqui
188 2546 249 2585 non
263 2536 308 2584 est
322 2524 474 2583 moraliter
488 2536 612 2596 certum,
632 2525 714 2583 illam
736 2526 960 2585 absolutionem
982 2543 1030 2583 esst
1057 2535 1072 2603 tt

93 2606 241 2665 validam:
261 2626 334 2683 ergo
357 2605 397 2664 ad
418 2615 515 2665 tutam
528 2605 638 2684 egendi
652 2606 790 2683 regulam
803 2626 867 2664 non
881 2604 1030 2684 requiritur
1056 2642 1067 2971 q

94 2686 242 2744 certitudo
255 2686 386 2744 moralis.
1069 2734 1072 2749 .

136 2768 170 2825 lt.
187 2769 215 2823 N
217 2786 265 2842 eg.
287 2787 405 2845 conseq.
422 2765 506 2838 Quia·
515 2766 597 2827 aliud
611 2776 671 2838 est‚'
680 2765 904 2827 absolutionem
916 2786 980 2827 esse
992 2785 1030 2822 va·

92 2845 194 2915 lidam,
218 2858 247 2904 et
270 2847 353 2906 aliud
367 2867 432 2907 eam
446 2866 510 2907 esse
523 2847 656 2919 licitam
681 2846 819 2925 quamvis
832 2846 963 2905 enimin
975 2864 1032 2905 casu

92 2926 190 3005 posito
200 2946 262 2986 non
275 2928 368 2988 simus
391 2927 543 2988 moraliter
558 2928 631 2988 certi
651 2927 689 2985 de
713 2926 874 2987 honestate
897 2926 1033 3006 objectivr
1064 2988 1068 3003 Ι

92 3018 201 3069 nostrae
214 3008 348 3080 actionis,
371 3028 423 3069 seu
437 3009 653 3069 absolutionem
677 3027 741 3075 esse
763 3007 896 3067 validam
907 3029 918 3079 ;
943 3024 1033 3067 sumtu

93 3099 192 3147 tamen
228 3089 378 3149 moraliter
406 3090 479 3148 certi
518 3089 556 3148 de
588 3090 742 3154 honestate
779 3086 901 3147 formali
937 3097 1034 3147 nosue
1067 3106 1071 3159 ξ

93 3169 226 3240 actionis,
248 3189 300 3231 seu
314 3189 368 3229 nos
381 3170 460 3229 licite
474 3184 563 3249 agere
583 3171 672 3230 talem
691 3167 887 3229 absolvendo.
929 3169 978 3227 Ex
989 3167 1034 3225 hac
1068 3162 1071 3193 ⁵

92 3251 206 3311 ratione
215 3260 310 3329 patet,
326 3251 476 3328 quomodo
488 3251 612 3330 aliquid,
634 3250 717 3329 quod
729 3248 914 3327 speculative
927 3267 988 3309 non
1000 3256 1035 3306 est

94 3333 173 3391 certo
188 3352 303 3403 verum,
324 3331 453 3409 practice
465 3332 559 3411 possit
572 3351 639 3392 esse
653 3330 910 3391 oertbhonestum
922 3338 1035 3411 propter

94 3414 330 3471 crrcumstantias
344 3425 565 3474 concurrentes.

134 3492 196 3552 111.
221 3493 305 3553 Hinc
327 3494 492 3570 generatim
513 3504 594 3565 nota,
623 3491 834 3553 certitudinem
847 3489 994 3551 moralem
1007 3488 1036 3546 de

92 3570 246 3633 honestate
259 3572 409 3633 actionum
423 3584 591 3633 nostrarum
605 3573 765 3652 dupliciter
778 3592 867 3650 posse
877 3570 1037 3637 consider!-

90 3651 135 3722 ri,·
149 3653 207 3713 alie
217 3653 344 3715 hahetur
354 3655 392 3713 de
403 3674 503 3717 earum
518 3661 539 3689 “
549 3655 703 3714 honestate
715 3650 898 3732 objectiva,''
912 3671 982 3730 quae
991 3658 1037 3715 est,

82 3730 156 3795 dum
172 3736 332 3801 moraliter
345 3738 428 3799 certb
442 3736 533 3797 nobis
546 3744 676 3802 constat,
701 3752 791 3807 oque,
812 3731 1039 3819 quoquotum

74 3834 142 3883 ”tte
155 3821 335 3885 secundum
352 3817 522 3882 solicitum
536 3825 570 3877 et
579 3811 754 3884 natatem
762 3805 1060 3883 quintorum
