2152 4066
316 112 361 160 me
385 112 528 160 norraos
551 112 720 162 renarra.
925 98 990 174 ato

58 258 113 318 ‚ud
126 276 191 320 nott
203 260 327 320 habebit
344 260 509 321 bonitatem
523 262 644 321 virtutis
657 264 853 335 abstinentiae,
878 264 931 325 ted
942 288 988 326 so-

57 358 94 398 ne
103 338 333 403 misericorditer
348 344 420 423 qaia
434 342 496 402 aolu
508 342 647 402 honestat
656 344 989 405 virtutismiaerieordiae

57 421 227 482 itenditurt
249 423 371 482 deberet
390 421 644 483 etium-honestae
663 425 783 484 virtutir
803 426 989 485 abstinentiae

57 501 167 574 utendi,
181 514 217 564 nt
230 503 296 583 ejus
308 504 426 563 bonitas
440 503 608 562 haberetur.

57 658 100 719 N.
116 669 169 725 8³.
183 660 243 723 DE
265 661 379 723 ACTU
401 663 522 723 BONO
545 660 720 723 RELATO
742 666 804 724 AD
826 662 966 726 FINEM

183 738 344 805 MALUM
365 740 450 802 VEL
473 740 846 804 INDIFFERENTEM.
881 804 885 814 ,

56 943 63 958 .
79 903 172 963 Actae
181 896 269 962 tonat
280 902 321 960 od
332 905 417 974 (inem
430 901 533 959 molum
547 901 653 960 relatae
666 909 707 962 eat
721 903 820 962 mbr.
861 902 904 961 11.
920 902 988 963 Nisi

77 983 115 1042 ait
130 980 290 1042 virtualiter
311 981 425 1058 drrplea.
471 981 533 1040 111.
556 979 606 1038 Vel
620 980 695 1059 finis
716 982 752 1040 rit
768 987 909 1061 portario
928 984 991 1058 ipro

76 1070 156 1122 notu.
197 1061 253 1120 lv,
267 1060 387 1119 Beiram
409 1058 450 1119 ad
459 1060 546 1136 finem
569 1060 777 1139 indifferentem
801 1070 842 1119 eet
861 1061 987 1120 similiter

77 1140 179 1199 malua.
220 1140 257 1197 V.
271 1137 445 1217 lindifferens
459 1141 499 1198 od
507 1142 596 1215 finem
609 1140 718 1212 bonum,
743 1141 829 1200 bonna
842 1150 891 1199 eat.
933 1140 989 1198 vl.

78 1220 202 1279 neuras
214 1219 253 1277 od
262 1219 350 1294 finem
362 1217 465 1277 modam
479 1219 570 1278 malua
580 1226 629 1278 rai.

79 1380 242 1453 QUALIS
257 1388 302 1438 eat
315 1388 399 1437 actua
412 1396 448 1451 ex
463 1380 581 1459 objecto
591 1381 699 1450 bonna,
721 1378 832 1438 relatus
845 1378 883 1437 ed
897 1379 986 1437 finem

55 1460 173 1519 nalum?
242 1462 248 1475 '

77 1540 104 1599 1.
122 1542 157 1599 R.
175 1540 208 1599 Si
219 1549 304 1598 aetus
317 1537 369 1596 ille
381 1539 528 1599 referatur
538 1540 576 1598 nd
590 1539 678 1598 finem
688 1539 809 1610 malum,
820 1537 915 1598 veluti
926 1560 987 1599 me·

55 1619 121 1679 lium
137 1620 178 1678 ad
188 1620 308 1679 unicum
320 1618 418 1688 finem,
432 1620 529 1678 malus
539 1631 593 1688 est,
601 1619 688 1698 juxta
703 1619 782 1677 dicta
797 1622 885 1677 Num.
896 1620 944 1693 69.

74 1700 121 1758 11.
134 1700 226 1774 Qudd
239 1699 264 1758 ei
277 1711 360 1757 actua
372 1699 424 1756 ilie
438 1699 584 1758 referatur
594 1700 632 1758 ad
640 1699 716 1758 duos
730 1700 803 1758 fines
812 1700 985 1776 disparatos,

56 1798 134 1839 num
145 1782 262 1839 bonum
276 1790 307 1837 et
320 1779 446 1837 alterurn
459 1780 582 1850 mulum,
595 1791 668 1839 tnnc
683 1790 727 1839 eat
743 1780 833 1838 simul
846 1781 942 1839 bonus
956 1794 986 1840 et

54 1861 135 1919 talus
145 1861 235 1940 juxta
248 1859 387 1918 eumdem
402 1858 493 1917 Num.

72 1940 141 1999 111.
162 1940 195 1999 Si
217 1940 283 1998 finis
297 1937 393 1997 melus
414 1958 445 1997 ee
459 1939 567 1998 habeat
579 1943 695 1999 tannim
720 1950 933 2017 consequenter
947 1941 986 1998 ad

54 2032 136 2079 etum
152 2022 276 2087 bonnm.
298 2031 371 2078 tunc
391 2037 452 2077 non
465 2031 564 2098 potest
586 2032 684 2079 actum
709 2020 833 2078 reddere
857 2020 983 2081 malum:

54 2102 126 2159 atio
140 2111 196 2170 est,
220 2101 298 2178 quod
320 2110 404 2158 actus
422 2098 484 2178 jam
506 2100 675 2172 transierit3
700 2111 730 2159 et
744 2100 785 2158 ita
798 2099 985 2178 eleimoayna

54 2183 172 2240 ‚nubae
181 2181 250 2239 data
259 2178 364 2257 nequit
372 2179 435 2237 fieri
448 2180 526 2239 mala
535 2200 571 2239 ex
580 2201 624 2249 eo,
640 2181 720 2258 quod
729 2191 831 2258 postea
843 2180 882 2237 ad
897 2179 984 2238 finem

56 2261 151 2319 alum
175 2262 326 2319 referatur.
373 2260 494 2324 Pariter,
522 2261 547 2319 ai
562 2261 629 2338 quia
642 2260 766 2329 doleret,
790 2271 820 2317 et
832 2273 985 2320 revocaret

53 2342 243 2401 renitentium
252 2352 338 2398 antea
351 2339 409 2399 rna
421 2341 541 2411 fuctum,
561 2352 685 2418 peccatu
693 2360 748 2418 per
760 2340 839 2397 illam
853 2341 982 2416 priorem

53 2423 245 2480 renitentium
258 2421 391 2490 remissa,
406 2420 546 2497 equidem
561 2432 714 2479 manerent
732 2419 862 2478 remissa.

70 2501 187 2576 Qualis
210 2511 256 2560 est
269 2513 352 2560 actua
365 2521 402 2559 ex
413 2502 531 2579 objecto
543 2503 649 2571 bonus,
663 2501 773 2559 relatus
781 2500 820 2557 ed
834 2499 921 2558 finem
936 2501 982 2557 in·

53 2582 249 2640 ifferentem?

75 2664 134 2720 IV.
152 2665 188 2720 R.
204 2664 326 2722 Dictum
341 2672 386 2718 eat
403 2663 439 2718 N·
455 2661 502 2722 65.
524 2682 561 2720 ex
572 2662 603 2719 S.
619 2660 726 2719 Thorn.
741 2680 801 2718 non
816 2659 878 2717 duri
893 2659 981 2717 finem

52 2743 267 2809 rdifferentem
290 2740 341 2799 sed
354 2760 471 2798 omnem
487 2742 573 2799 finem
582 2741 614 2798 in
627 2741 784 2799 individuo
798 2742 983 2798 essebonum

55 2824 85 2882 el
99 2824 212 2881 malurn
217 2844 227 2893 3
239 2825 270 2880 in
284 2820 429 2879 sententia
441 2832 551 2892 tamen,
565 2842 632 2899 quae
642 2821 772 2880 admittit
779 2821 867 2879 talem
883 2821 982 2892 finem,

52 2915 122 2962 etus
143 2905 239 2961 bonna
254 2902 291 2960 ad
305 2903 390 2959 iilum
405 2901 514 2960 relatus
528 2913 606 2960 esset
619 2901 730 2961 malus:
760 2902 831 2979 quie
855 2921 915 2959 non
939 2914 984 2961 est

52 2983 194 3063 troportio
206 2983 296 3040 medii
310 2983 348 3040 ad
359 2981 457 3048 finem,
468 2983 534 3041 citrn
545 2981 791 3041 finisindifferena
805 2981 896 3039 multo
909 2981 983 3039 infe·

52 3065 100 3122 ior
113 3064 154 3122 ait
167 3075 235 3122 actu
250 3083 286 3121 ex
301 3063 421 3140 objecto
440 3064 528 3120 bono.

79 3145 223 3204 Similiter
235 3158 319 3202 actua
329 3164 364 3200 ex
380 3142 496 3220 objecto
509 3142 691 3212 indifferent,
719 3141 831 3199 relatus
844 3139 982 3199 adfinem

51 3224 266 3293 ndifferentem,
281 3225 305 3280 ai
320 3223 417 3293 detur,
445 3224 540 3282 malne
564 3235 622 3295 est;
645 3222 715 3300 quia
736 3240 797 3280 non
819 3221 984 3279 intenditur

51 3322 149 3364 tonum
161 3304 291 3362 rationis.

80 3385 187 3458 Qualia
200 3395 246 3444 est
258 3396 342 3442 actua
352 3402 390 3441 ex
404 3382 521 3462 objecto
529 3382 709 3447 indifferens,
721 3382 831 3442 relatus
842 3381 879 3440 ad
894 3380 982 3439 finem

51 3468 176 3524 tortum?

79 3540 116 3603 V.
127 3545 162 3603 R.
179 3546 234 3604 Est
246 3546 352 3606 bonus.
374 3554 405 3602 et
418 3544 433 3600 ὲ
447 3542 506 3603 fine
519 3543 644 3624 primam
659 3544 821 3604 bonitatem
832 3541 961 3600 desumit
972 3562 982 3611 ;

50 3625 65 3681 ei
77 3637 176 3684 tamen
192 3625 258 3683 finis
271 3624 322 3682 ilie
334 3625 371 3682 sit
384 3624 464 3682 actui
479 3626 655 3685 sufficienter
669 3627 928 3704 proportionatus:
943 3622 984 3679 ita

50 3718 117 3765 tona
127 3718 175 3767 eet
184 3705 346 3765 ambulatio
360 3704 497 3764 ordinata
509 3707 547 3764 ad
559 3707 723 3766 sanitatem.
