2160 4072
412 96 462 145 aa
481 96 644 144 arccana
934 65 999 148 ott

53 256 121 311 En:
137 247 185 307 tio
194 245 283 305 eum
293 245 313 306 1,
322 245 439 305 mortali
451 245 587 307 excusari
596 255 731 323 possum,
741 245 796 322 qui
807 244 891 305 vanis
903 243 997 324 signis

52 338 97 387 tut
112 326 236 389 somniis
246 320 306 385 non
319 326 457 397 credunt,
469 326 524 384 ssd
547 338 646 385 tamen
658 336 817 404 propterea
831 329 848 385 1
873 328 997 405 quibus·

53 406 117 468 ton
131 407 291 478 abstinent,
304 419 337 467 ut
351 408 410 466 sint
422 405 509 465 liberi
524 409 539 464 i
554 407 660 467 timore
672 417 702 464 et
714 407 947 482 perturbatione.

82 489 140 548 An
153 487 231 547 inre
243 506 369 547 venerea
378 488 466 546 dator
479 487 611 564 parvitas
623 487 777 545 materiae?
824 535 827 543 .

83 567 128 627 V.
152 569 189 626 R.
215 568 379 645 Responsio
403 568 578 636 communis,
602 579 632 626 et
652 567 784 644 practice
798 567 978 638 tenendam,

53 647 131 727 ruod
145 659 229 706 extra
239 648 459 707 matrimonium
473 666 534 705 non
543 646 632 706 detur
642 647 773 725 parvitas
781 648 912 707 materiae
923 649 954 706 in
964 670 997 707 re

53 747 179 789 teneres
199 735 220 762 a
230 727 340 789 directe
355 730 385 787 in
400 748 432 786 sc
445 728 564 786 volita.’'
607 728 695 786 Ratio
708 739 763 799 est,
780 728 859 801 quod
873 728 997 788 minima

53 806 209 869 {electatio
233 814 359 868 umeros
378 808 538 867 deliberati
550 807 679 871 admissa
699 808 848 869 contineat
870 808 996 886 disposi-

53 888 164 963 ionem
182 889 247 947 aive
267 890 433 967 periculum
448 888 619 967 proximum
629 888 781 947 ulterioris
791 888 997 948 delectationis
1035 950 1037 954 ,

53 971 264 1040 nemmenada,
278 973 312 1029 ei
327 970 406 1048 quod
419 968 568 1047 passiolta
582 988 617 1026 ex
633 978 745 1027 naturas
757 969 949 1047 corruptione
960 970 998 1033 sit

53 1050 206 1119 ndomita,
220 1061 251 1108 et
268 1050 458 1109 vehementer
471 1050 510 1107 ad
530 1068 669 1108 venereas
689 1049 897 1108 delectationes
911 1049 997 1109 incli-

53 1141 120 1189 nata
126 1152 138 1201 3
152 1142 185 1189 et
195 1140 363 1208 propterea,
379 1130 468 1189 serncl
483 1129 780 1188 deliberateadmissii
789 1129 840 1187 ills
849 1131 996 1217 passione,

53 1211 101 1271 rix
115 1220 171 1270 aut
192 1230 231 1269 ne
253 1210 305 1269 vix
325 1211 390 1269 fieri
402 1221 511 1288 potest,
525 1211 600 1287 quin
614 1211 700 1269 detur
713 1209 881 1287 periculum
895 1213 998 1287 proxi-

53 1298 134 1355 rirm
143 1290 185 1349 ad
192 1290 333 1350 ulteriora
343 1305 374 1350 et
382 1290 524 1368 turpiora,
536 1290 613 1348 sicut
622 1310 717 1349 unum
727 1310 853 1367 granum
864 1291 998 1368 pulveris

53 1372 237 1433 mamurii
251 1371 404 1430 insensum
418 1371 563 1431 instanter
577 1371 711 1430 incendit
721 1378 818 1428 totum
832 1369 996 1433 cumulum.

90 1452 218 1513 Dictum
227 1463 289 1513 esta
303 1459 325 1487 “
335 1453 371 1510 In
386 1470 418 1510 rs
429 1468 555 1510 venerea
569 1451 680 1513 directe
693 1452 726 1509 in
740 1470 771 1508 se
785 1450 877 1510 volita
886 1452 913 1522 ;”
926 1470 997 1515 nam

53 1530 142 1591 molti
165 1533 295 1592 materia
313 1533 465 1592 levitatem
488 1531 651 1590 admittunt
659 1532 693 1589 in
713 1550 746 1589 re
765 1548 892 1589 venerea
917 1530 997 1589 indi·
1023 1544 1026 1551 '

53 1616 135 1671 recte
148 1632 201 1671 seu
215 1614 245 1670 in
260 1632 350 1675 musa
363 1612 454 1672 solim
470 1611 571 1683 volita,
586 1613 656 1670 utel
668 1632 707 1670 ex
721 1632 810 1670 causa
823 1630 884 1669 non
897 1612 998 1690 gravi-

53 1702 100 1751 ter
113 1692 191 1751 mala
204 1694 430 1773 orianturlevoa
443 1693 579 1774 quadarn
591 1692 686 1751 carnis
700 1692 919 1760 commotiones,
931 1692 998 1794 (pni-

53 1772 113 1831 bus
133 1774 272 1833 veluntas
283 1775 413 1833 resistite
438 1772 541 1832 verim
567 1773 614 1831 lue
635 1771 848 1833 'cornmotiones
860 1773 969 1832 rectius
983 1778 1011 1837 1,

53 1853 172 1913 muli
195 1855 329 1914 excusari
350 1854 490 1912 videntur
517 1848 555 1913 err
579 1848 805 1931 inperfectione
827 1854 998 1925 voluntarii,

53 1934 143 2011 vim
153 1954 191 1993 ex
197 1935 345 2012 parvitate
358 1935 496 2005 materias,
506 1945 599 2011 prout
611 1934 723 1992 dictum
734 1944 783 1991 est
794 1935 834 1992 N.
851 1940 914 1993 113.

95 2014 233 2074 Patribus
246 2036 368 2093 nuperae
384 2014 537 2073 Societatis
556 2016 639 2080 lesu,
655 2015 711 2072 sub
725 2033 814 2092 poena
828 2032 998 2073 excommn-

57 2092 218 2165 nicationis,
240 2095 411 2154 iGenerali
425 2114 478 2153 suo
497 2093 624 2153 Claudio
642 2094 800 2172 Aquaviva
813 2092 998 2171 prohibitum

59 2184 116 2231 erat
127 2174 246 2244 docere,
259 2175 342 2254 quod
365 2172 444 2233 inre
458 2192 584 2233 venerea
596 2175 705 2251 exigua
722 2173 822 2252 aliqua
841 2173 998 2234 delectatio

59 2251 215 2314 deliberate
229 2255 352 2334 quesita
364 2258 549 2314 mussent
563 2252 681 2313 mortali
705 2256 745 2313 ob
762 2254 913 2312 levitatem
934 2276 997 2314 rna-

60 2333 154 2394 terioe:
170 2336 253 2415 quod
267 2335 423 2395 Generalis
438 2336 612 2395 Vincentius
637 2335 751 2394 Caraffa
761 2335 849 2393 etiam
863 2335 998 2394 extendit
1042 2399 1047 2411 ¹

60 2411 93 2471 sd
106 2412 332 2475 delectationen
346 2434 405 2475 non
419 2417 583 2494 qnoesitam,
598 2414 651 2475 sod
664 2415 838 2474 naturaliter
852 2415 995 2485 obortam,

61 2491 201 2575 sinempc
215 2498 241 2554 ei
256 2496 417 2555 deliberati
440 2497 649 2566 consentiatur,
674 2508 710 2554 ut
733 2495 825 2552 refert
848 2495 892 2552 La
906 2495 996 2554 Croix

61 2569 104 2632 lib.
116 2583 145 2635 3.
159 2587 245 2653 parte
262 2586 287 2637 1.
303 2574 394 2635 Num.
409 2586 478 2647 911.

92 2652 149 2714 VI.
161 2657 232 2715 Huc
243 2658 372 2735 pertinet
385 2656 449 2716 haec
480 2657 621 2734 repositio
629 2656 852 2733 quadragesima
859 2656 897 2714 ab
904 2654 997 2715 Alex·

60 2734 147 2793 andro
159 2734 232 2794 VII.
247 2737 406 2796 damnata:
428 2677 689 2814 “improbabilis
708 2735 820 2814 opinio,
843 2754 910 2813 quo
924 2730 997 2796 dicit

59 2818 76 2845 “
84 2826 152 2877 estc
164 2815 279 2875 tantdm
294 2817 410 2876 veniale
423 2815 557 2876 osculum
568 2816 702 2875 habiturn
717 2819 756 2875 ob
770 2816 996 2875 delectationem

58 2895 236 2956 “carnalem
251 2907 282 2956 et
301 2897 479 2965 sensibilem,
495 2917 561 2974 quae
575 2917 611 2955 ex
626 2896 727 2955 osculo
750 2897 853 2964 oritur,
881 2889 997 2956 secluso

55 2977 72 3009 ‘¹
83 2976 222 3055 periculo
233 2976 391 3037 consensis
403 2977 550 3036 ulterioris
564 2989 594 3036 et
603 2976 803 3056 pollutionis?
861 2980 866 2995 ’

89 3057 201 3117 Pascat
210 3056 275 3117 baec
281 3059 445 3139 propositio
456 3058 545 3135 juxta
551 3059 690 3136 steyaert
699 3058 731 3114 in
741 3077 786 3128 eo,
796 3057 995 3136 quodsuppo-

53 3149 101 3199 tat
114 3137 317 3197 conditionem
330 3138 481 3197 moraliter
494 3138 713 3217 impossibilem,
740 3138 882 3196 nimirum
908 3148 996 3216 posse

53 3212 78 3281 11
92 3217 152 3278 sali
165 3236 236 3277 ouen
249 3217 368 3289 excludi
381 3218 547 3295 periodum
561 3220 722 3277 consensis
734 3217 894 3277 ulterioris.

85 3296 190 3360 Addit
204 3299 249 3356 La
263 3299 352 3359 Croix
363 3311 447 3376 parte
458 3300 546 3358 citatt
565 3302 654 3357 Num.
666 3307 735 3369 893.
744 3299 825 3356 illam
836 3298 995 3375 propositi·

53 3398 139 3441 mem
152 3378 296 3437 excedere
309 3379 341 3437 in
354 3396 399 3449 eo,
413 3379 494 3457 quod
507 3378 686 3454 generaliter
698 3379 838 3456 loquatur
851 3378 941 3435 etiarn
957 3379 995 3437 de

53 3458 246 3521 reluctatione
268 3477 395 3517 sonores
421 3460 537 3517 directe.
558 3460 651 3517 volite
686 3473 755 3518 cum
778 3468 931 3516 consensu
962 3460 993 3516 in

53 3540 152 3603 llam
178 3539 280 3616 itaqua
299 3539 389 3616 juxta
408 3540 419 3597 i
442 3558 518 3609 eum,
533 3551 564 3599 et
577 3551 611 3597 ut
623 3539 712 3597 etiam
735 3547 841 3596 notant
854 3537 996 3609 Concina,

53 3618 160 3689 Iollet,
174 3619 295 3696 aliique,
308 3558 610 3696 perdeiectationem
635 3627 655 3655 “
669 3620 816 3678 carnalem
824 3620 842 3643 '⁹
864 3619 895 3675 in
916 3619 997 3678 diota

53 3699 252 3781 tropositioue
266 3698 444 3777 intelligitur
454 3720 589 3761 venerea.
628 3742 631 3747 -

480 3791 499 3843 1
515 3802 537 3844 ι
552 3791 572 3845 2
