2160 4072
272 116 319 161 ua
335 116 479 161 acnaaus
494 116 666 161 annaeus
874 98 935 169 191

53 263 148 325 utatis
159 273 207 323 est
217 262 384 322 voluntaria
397 272 428 320 et
441 260 544 330 libera,
554 272 590 321 ‘et
602 263 644 321 ita
656 281 719 321 nou
731 261 841 321 mirudt
855 264 939 323 boni-

53 364 95 405 em
107 344 158 405 vel
167 343 333 416 malitiam
352 342 405 402 red
418 343 513 420 potius
524 344 565 401 ob
578 342 724 403 rationem
736 361 828 421 supra
834 332 939 403 'datam

53 505 168 565 Debent
179 504 280 582 itaque
293 503 413 561 habitus
427 511 459 560 et
479 503 664 561 consuetudo
677 501 846 562 voluntaria
859 522 938 563 com·

53 584 101 643 rari
113 604 185 649 cum
198 583 437 661 concupiscentia
450 581 499 642 vel
509 584 644 660 passione
658 582 800 642 affectata
833 636 837 641 .
881 632 886 641 .

53 663 106 723 lll.
132 664 265 723 Habitus
285 675 315 722 et
335 662 518 721 consuetudo
536 662 736 723 involuntaria
747 663 810 723 sive
823 675 941 725 antece·

53 763 82 813 us
111 742 275 802 voluntatis
309 742 443 802 excludit
468 762 587 801 omnem
618 743 871 815 deliberationem,
906 766 941 805 ac

53 824 131 891 vinde
139 823 437 902 exeusatlpsccat03
452 822 523 881 hine
537 834 619 882 aetus
632 824 840 902 provenientes
848 825 943 885 solum

53 903 271 977 ,consuetudine
281 903 404 982 jurandi
417 903 573 962 efficaciter
594 909 764 973 retractati,
787 924 848 962 non
874 917 944 965 sunt

53 1004 86 1045 na
102 994 226 1062 peccata
239 984 383 1054 formalia,
397 983 450 1041 sed
462 983 625 1043 materialia
635 979 767 1054 tantum
781 985 850 1062 quia
860 986 943 1045 deest

53 1064 104 1125 mia
115 1064 301 1122 deliberatio.
527 1122 530 1126 ,

55 1144 171 1213 Dictum
182 1155 248 1214 est3
263 1152 283 1178 “
297 1144 389 1203 aollnn
403 1164 440 1203 ex
453 1144 666 1203 consuetudine
675 1146 702 1214 ;''
717 1144 787 1222 quia
796 1145 821 1202 ai
831 1145 946 1225 aliqua·

53 1244 78 1283 er
89 1225 131 1283 illi
146 1234 232 1284 actus
246 1225 304 1283 sint
318 1224 483 1293 deliberati,
498 1244 559 1283 non
573 1235 752 1284 excusantur
765 1245 782 1283 a
794 1236 869 1284 toto.

58 1306 100 1363 ln
113 1304 298 1365 consuetudo
310 1305 476 1365 fornicandi
490 1303 538 1367 vel
552 1303 672 1364 furandi
686 1316 842 1364 retractata
855 1326 944 1366 exca-

53 1392 239 1463 tsequeutem
250 1384 477 1444 fornicationem
491 1394 544 1443 aut
556 1385 670 1443 furtum
684 1383 703 1443 d
717 1389 863 1462 peccato?

61 1466 89 1525 a.
105 1465 251 1542 Negativb
262 1489 272 1536 3
284 1465 354 1541 quia
367 1485 404 1523 ex
419 1465 481 1523 sola
494 1462 708 1525 consuetudine
722 1465 787 1524 sine
798 1485 944 1526 consensu

53 1545 238 1604 :advertentis
251 1546 381 1615 rationis,
394 1545 481 1603 homo
494 1544 533 1603 ad
550 1545 623 1603 tales
633 1555 717 1603 actus
729 1564 790 1605 non
800 1547 944 1622 procedit,

53 1626 194 1718 lllumero
203 1625 381 1703 praecedenti
397 1625 530 1684 insimili
544 1625 660 1685 dictum
674 1635 719 1684 est
743 1633 763 1660 “
777 1626 815 1685 de
829 1628 944 1687 Concu·

53 1706 216 1781 „macentia”
718 1762 721 1767 .

53 1786 103 1859 ‚ln
127 1785 244 1857 sufficit,
273 1786 353 1864 quod
376 1785 558 1845 consuetudo
583 1785 724 1863 peccandi
752 1787 946 1847 retractatasit

53 1882 73 1921 er
89 1864 184 1924 solum
208 1867 400 1935 voluntatem,
425 1877 460 1925 ut
479 1867 544 1944 ipsa
558 1878 588 1925 et
600 1877 685 1925 actus
699 1886 782 1926 exea
795 1868 887 1926 secuti
901 1867 946 1926 di-

53 1955 116 2004 utur
128 1945 331 2017 involuntarii,
345 1946 416 2005 lien
426 1947 648 2007 consuetudinis
668 1945 791 2006 habitus
814 1947 948 2006 nondum
981 1972 983 1977 ·

53 2016 247 2103 'texdrpatusl

64 2104 107 2164 IV.
124 2109 158 2164 R.
175 2107 207 2165 Si
220 2105 273 2165 illa
285 2106 422 2165 voluntas
432 2116 593 2166 retractans
606 2104 859 2176 consuetudinem,
870 2105 949 2165 sitin

53 2187 168 2255 leffieax,
183 2196 213 2244 et
235 2206 302 2246 cum
318 2186 402 2244 firmo
414 2188 566 2264 proposito
578 2186 737 2245 adhibendi
751 2186 849 2245 media
868 2188 947 2246 sulli-

53 2267 118 2325 uua
131 2267 170 2324 ad
183 2266 265 2325 illam
279 2267 493 2345 extirpandum,
508 2269 675 2326 censebitur
689 2267 872 2325 consuetudo
885 2267 947 2327 suf-

53 2340 143 2405 lenter
161 2357 328 2416 retractata,
348 2360 379 2406 et
392 2358 475 2407 actus
489 2358 644 2426 sequentes
662 2367 698 2405 ex
719 2346 781 2405 sola
793 2347 845 2405 illa
858 2367 951 2405 causa

53 2429 234 2486 curabuntur
249 2431 264 2486 ὲ
278 2437 406 2504 peccato.
449 2428 640 2487 Consuetudo
653 2428 695 2486 sic
709 2428 886 2485 sufficienter
902 2446 948 2485 re·

53 2518 135 2566 nram
148 2526 210 2564 non
228 2507 362 2584 impedit,
382 2507 542 2585 quominus
554 2506 701 2566 absolutio
720 2507 818 2564 statim
841 2507 948 2583 imper·

53 2593 111 2645 tur.
763 2590 770 2609 ‘

53 2665 84 2727 si
95 2679 194 2725 tamen
205 2665 261 2723 iste
271 2667 547 2727 consuetudinarias
557 2678 658 2746 postea
665 2665 799 2743 negligat
810 2684 865 2723 suo
875 2674 950 2723 tems

53 2763 84 2805 re
98 2746 243 2806 adhibere
268 2747 367 2806 media
388 2748 524 2819 efficacia,
549 2769 586 2806 ex
609 2746 661 2805 illo
675 2745 813 2823 neglectu
828 2762 949 2803 consue·

53 2822 86 2886 lo
99 2837 170 2887 ante
183 2837 341 2886 retractata
364 2828 485 2906 incipiet
506 2830 613 2887 iterum
634 2847 698 2886 esse
718 2823 893 2894 voluntaria,
921 2834 951 2881 et

53 2914 94 2966 lus
134 2907 205 2965 inde
241 2917 397 2984 sequentes
431 2921 519 2967 erunt
546 2928 623 2966 nova
646 2916 767 2985 peccata
794 2903 929 2966 formalia
940 2927 950 2973 ς

55 2987 83 3047 ia
95 3007 217 3047 causam
230 3007 291 3045 non
303 2987 383 3046 tollit
396 2989 540 3066 quautdm
554 2999 652 3068 potest
662 2999 692 3047 et
705 2988 804 3046 debet.

228 3148 269 3205 N.
282 3153 330 3206 30.
374 3149 432 3207 DE
455 3147 740 3208 IGNORANTIA.

193 3308 225 3367 S.
244 3306 340 3365 Thon.
354 3317 449 3387 quast.
464 3307 490 3368 6.
506 3318 562 3367 art.
577 3316 604 3368 8.
620 3316 714 3387 quast.
727 3306 774 3366 86.

54 3468 229 3549 Ignorantia
271 3466 313 3524 II.
345 3466 432 3525 Varie
452 3466 596 3526 dividitur.
638 3467 698 3526 111.
720 3464 889 3543 Ignorantia
904 3486 954 3524 nee.

53 3546 157 3629 gurim.
200 3547 254 3604 lV.
281 3544 449 3622 Ignorantia
466 3546 618 3622 privativo.
661 3547 697 3603 V.
717 3541 888 3621 Ignorantia
900 3563 953 3603 on.

53 3630 178 3691 metens
218 3625 271 3686 Vl.
308 3623 349 3681 Et
377 3644 542 3703 aorrseqrtena
568 3625 726 3684 uoluntatis.
767 3622 838 3680 VII.
867 3620 951 3701 Igno·

53 3708 150 3767 nantia
163 3705 328 3765 antecedens
346 3703 447 3782 operta.
494 3702 583 3768 Vlll.
599 3704 806 3765 Concomitans.
843 3700 909 3762 lll-
931 3701 970 3761 Et

53 3784 352 3920 ffiqffilssvessh
383 3784 434 3920 IX.
464 3786 646 3952 Igugrnntbn
676 3784 871 3847 inevincibilia.
918 3780 994 3848 nt.

114 3880 149 3917 ¹¹1
214 3880 225 3914 ἰ
351 3904 358 3919 ·
399 3886 521 3942 gnorare
540 3890 570 3928 ια
587 3893 608 3930 α
637 3881 750 3932 ectata.
