2160 4072
484 118 686 165 astemus

157 265 213 325 IV.
234 264 580 326 Similitsrdioarelioct:
596 275 668 326 suut
680 274 742 323 tres
751 262 900 323 lubentes
908 255 979 321 niv·
1002 254 1023 329 ¹,
1065 283 1070 311 ι

115 357 196 416 tem;
212 345 282 422 quia
305 357 340 403 ut
364 345 497 406 docetS.
519 347 626 405 Thom-
652 352 746 422 q.39.
768 350 869 403 art&
913 348 933 377 “

118 433 137 459 “
153 424 368 484 Divinitateru”
377 426 487 486 dicitur
498 427 666 505 adjectivb;
680 425 939 503 adjectivorum
948 420 977 479 di

118 500 286 584 signiiicmt
299 510 465 584 personam,
489 519 582 584 utque
599 508 641 566 ita
664 503 870 582 multiplicatis
894 499 1021 580 adjecti

117 604 178 645 nou
201 587 509 665 dabctmultiplicari
536 598 653 656 natura,
678 596 769 663 prout
782 582 873 645 latitia
892 593 957 643 osta
998 579 1003 592 '
1035 586 1049 643 .’

117 669 213 727 Num.
228 666 277 738 69.
1022 706 1026 717 .

161 747 232 824 obj.
248 747 323 806 Tres
337 749 471 805 Personae
479 748 617 807 humanae
627 747 741 805 faciunt
749 757 810 804 tres
820 742 973 802 hominess
987 760 1013 801 et
1048 749 1060 804 Γ

120 840 180 886 tres
197 829 332 886 Personae
348 828 591 887 Divinaefaciunt
604 829 692 886 etiam
705 838 767 885 tres
782 825 872 884 Deos.
970 896 973 904 ¹
1050 831 1051 835 ’

164 909 196 965 R.
223 910 299 983 Neg.
324 928 442 986 conseq.
462 909 625 987 disparitas
652 917 708 976 est,
727 905 810 984 quod
836 915 899 963 tres
928 904 951 961 P
1049 909 1070 965 i·

121 988 258 1046 humanae
272 989 380 1046 habeas
394 1003 455 1046 tres
467 1002 588 1048 naturus
602 1008 727 1047 numero
751 987 925 1054 distinctas3
955 982 973 1039 h

122 1068 201 1126 enim
210 1068 377 1127 distinctam
392 1071 521 1128 animam
534 1080 564 1128 st
575 1089 683 1147 corpus
695 1092 704 1139 ;
728 1066 781 1126 sed
797 1068 934 1124 Personae
948 1061 1012 1123 Diri

124 1149 234 1207 hubent
246 1168 333 1207 unum
350 1149 545 1228 eonrdemque
557 1168 684 1211 numero
693 1153 852 1206 naturam:
866 1141 1002 1223 paritati

124 1227 148 1286 si
159 1241 218 1286 tres
228 1229 362 1288 homines
371 1243 493 1307 possent
506 1231 615 1288 habero
632 1248 720 1289 unam
731 1227 927 1302 eamdemque
939 1222 987 1281 ani
1048 1251 1070 1313 ¹:

125 1321 154 1366 et
169 1329 286 1386 corpus.

128 1471 165 1527 N.
180 1469 228 1541 63,
272 1471 330 1529 DE
352 1472 547 1531 UNITATE
570 1467 789 1530 ESSENTIAE
810 1410 1070 1535 Dlvlutuffls

1049 1562 1070 1615 i-

449 1570 749 1631 PERSONARUM.
801 1642 804 1647 ⁴
881 1564 884 1571 ⁴
1049 1640 1070 1673 h

130 1729 153 1787 i.
182 1730 326 1788 Probatur
352 1730 447 1788 unitos
469 1728 554 1789 trium
579 1730 779 1789 Personarum.
823 1724 868 1786 ll.
900 1723 1070 1803 Vinditubif-

169 1806 281 1866 uetitus.
300 1823 323 1867 o.
339 1816 366 1876 7.
378 1828 440 1887 rap.
457 1818 483 1868 5.
497 1810 590 1889 Epist.
602 1822 627 1868 1.
643 1810 773 1871 Joannu.
789 1804 888 1867 Hira.
903 1814 931 1874 7.
947 1815 973 1865 rt
986 1808 1070 1913 terp·

166 1885 320 1966 plicantur.
344 1890 397 1948 lV.
413 1888 584 1968 Explicatur
598 1890 709 1949 urimur
721 1904 789 1967 quae
804 1900 874 1948 sunt
885 1884 996 1956 eadem,
1014 1878 1070 1957 ἐιῑ

172 2033 291 2092 PROB.
307 2034 398 2107 Quod
412 2034 469 2092 illae
479 2047 539 2094 tres
556 2036 691 2093 Personae
705 2032 825 2093 Divinae
839 2035 970 2092 habeant
981 2040 1066 2089 unffi:

131 2112 326 2190 eamdemque
341 2115 506 2174 essentiam.

172 2192 195 2249 1.
219 2195 364 2254 Probatur
378 2216 414 2254 ex
429 2197 622 2272 Scripturas.
635 2218 644 2266 ;
664 2208 734 2252 nam
750 2193 857 2252 Matth.
882 2210 907 2252 e.
921 2199 968 2250 28.
983 2210 1009 2250 v.
1026 2194 1062 2256 19.

132 2276 205 2333 cium
219 2274 346 2344 dicitur;
360 2286 378 2310 ‘⁴
390 2276 581 2352 Baptizanres
589 2293 638 2334 eos
649 2276 681 2332 in
691 2275 812 2332 nurnine
824 2275 930 2344 Patris,
952 2281 981 2330 et
994 2266 1070 2337 silit..

133 2364 151 2390 ‘⁶
166 2365 197 2412 et
212 2355 339 2431 Spiritirs
354 2356 482 2425 Sancti,''
492 2354 621 2413 dicendo
634 2364 653 2391 “
666 2356 698 2411 in
709 2357 937 2423 nominc,''nm1
950 2360 971 2388 “
980 2353 1070 2409 inno·-

134 2443 153 2469 “
167 2434 327 2505 minibus,”
340 2437 523 2512 significatur
533 2437 632 2496 unitas
645 2437 789 2495 essentiae.

175 2516 251 2573 Item
259 2536 296 2573 ex
314 2525 338 2574 l.
353 2519 439 2577 Jouu.
452 2536 515 2593 cap.
526 2524 555 2574 5.
567 2538 597 2575 v.
614 2523 641 2584 7.
666 2523 688 2550 “
703 2517 778 2574 Tres
790 2522 862 2574 sunt
876 2515 929 2592 qui
943 2511 1070 2572 testimor

135 2597 248 2653 “nium
260 2597 332 2656 dunt
346 2599 378 2654 in
392 2597 477 2666 coelo‚
490 2599 585 2668 Pater,
598 2599 742 2666 Verbum,
758 2607 788 2654 et
799 2595 931 2674 Spiritus
939 2597 1070 2653 Sanctus:

135 2683 155 2709 ‘¹
169 2674 198 2734 et
212 2676 243 2732 hi
252 2688 311 2735 tres
325 2693 418 2736 unum
434 2681 529 2735 sunt.''
551 2681 592 2736 Et
605 2679 689 2735 Joan.
703 2695 766 2752 cap.
784 2685 827 2735 10.
840 2696 868 2733 v.
880 2683 928 2734 30.
976 2682 993 2707 “
1009 2672 1070 2747 ago

135 2764 154 2788 “
166 2765 197 2813 et
213 2758 299 2814 Pater
317 2778 410 2816 unum
420 2776 522 2815 sumus
531 2760 557 2815 :'’
574 2759 684 2836 quibus
695 2756 727 2814 in
737 2757 810 2815 locis
824 2772 882 2814 vox
894 2763 914 2789 “
925 2749 1070 2812 unum''it¹

134 2846 241 2893 neutro
252 2856 360 2912 genere
375 2838 559 2896 substantive
572 2838 668 2916 posita
678 2837 825 2914 significat
835 2852 925 2894 uuam
938 2832 1064 2893 eamden

135 2937 194 2993 que
207 2935 401 2994 personarum
409 2917 581 2976 essentium.
611 2948 614 2953 ¹

177 2997 325 3055 Sociniani
339 3019 399 3056 non
420 3008 535 3055 tantum
551 3019 678 3066 sensum,
692 2998 744 3056 sed
766 2998 855 3056 etiam
869 2992 1070 3054 authenticita·

135 3088 196 3135 tem
211 3076 311 3135 versbs
326 3087 353 3143 7.
368 3098 433 3155 cap.
446 3085 472 3135 5.
490 3078 587 3154 Epist.
615 3081 637 3136 l.
652 3078 777 3138 Joannis
795 3079 977 3154 impugnant
986 3099 995 3147 ;
1006 3071 1070 3150 quia

137 3157 279 3216 inmultis
293 3156 445 3216 codicibus
459 3159 668 3237 manuscriptis
691 3169 751 3216 tam
771 3158 894 3226 Graecis,
916 3156 1005 3234 quim
1021 3154 1070 3210 La-

134 3238 214 3309 tinio,
230 3250 289 3295 non
299 3240 454 3315 reperitur.

178 3320 219 3378 Π.
240 3318 291 3378 Ad
302 3319 383 3395 quod
400 3319 596 3396 respondetur
606 3339 709 3378 verum
720 3319 843 3396 quidem
857 3338 930 3387 esse,
946 3314 1026 3394 quud
1043 3313 1070 3369 it!

137 3399 314 3476 quibusdam
343 3399 503 3467 codicibus,
526 3401 588 3458 sive
608 3401 724 3476 integri
750 3400 811 3458 sive
836 3399 934 3475 quoad
955 3406 1070 3475 purtem,

138 3481 298 3537 uersushic
307 3480 508 3538 desideretur:
525 3490 569 3538 ast
578 3481 609 3537 in
624 3481 718 3539 multo
729 3479 867 3557 pluribus
875 3479 1070 3554 optimaenotoe

138 3563 295 3636 reperitur.
308 3560 398 3632 Quod
408 3571 507 3617 autem
521 3561 553 3617 iu
567 3561 747 3638 quibusdam
760 3579 821 3617 non
833 3559 1008 3635 reperiatur,
1017 3549 1070 3612 rui

138 3639 236 3715 potuit
249 3659 286 3697 ex
300 3641 415 3698 incuria
426 3640 626 3717 exscriptoris,
650 3642 713 3718 qui,
742 3643 813 3698 cuim
836 3639 1021 3715 pervenisset
1038 3629 1070 3691 ad

134 3719 202 3776 uoec
214 3723 303 3778 verbs
316 3719 416 3779 versis
430 3728 459 3788 7.
488 3729 506 3753 “
517 3722 668 3794 Quoniam
675 3732 738 3779 tres
752 3723 848 3786 suut,”
859 3728 977 3777 errante
986 3715 1067 3776 oculo

123 3801 301 3863 transiverit
311 3803 350 3862 ad
358 3811 517 3864 versumtt·
527 3801 584 3882 qui
592 3796 1070 3862 eisueruuerbisiucboatus.iom
