2160 4072
353 100 398 144 oe
420 102 466 146 ss.
489 103 692 147 remersus
951 85 995 155 98

45 270 50 306 r
83 241 164 331 ‚obp
174 243 283 304 Unitss
298 253 330 303 et
343 244 474 305 Trinitas
487 246 518 304 in
542 247 644 305 eadem
659 267 693 306 re
705 246 865 309 involvunt
878 258 994 307 eontra-

115 325 121 335 '
140 345 211 383 nem
218 348 233 396 ς
251 344 333 401 ergo,
356 334 414 383 etc.

45 432 52 467 1
93 403 124 460 R.
140 404 221 464 Dist.
232 415 328 462 antee.
345 403 452 464 Unitas
463 416 493 463 et
504 406 636 467 Trinitas
648 404 811 466 involvunt
823 407 992 466 contradic·

45 495 47 502 '
73 478 79 493 '
171 485 319 543 inesdem
333 504 365 542 re
380 487 435 543 sub
451 485 553 545 eadem
568 488 691 547 ratione⁴
715 487 846 547 concedo
858 488 992 548 anteced.

94 563 196 622 eadem
222 585 255 623 re
269 567 325 623 sub
339 564 456 623 diversa
471 563 586 626 ratione
600 567 796 638 considerata,
810 588 878 646 neg.
894 578 991 629 antec.

56 637 161 701 ioDeo
173 655 281 705 autum
294 646 435 704 dieantur
456 648 513 705 sub
527 646 646 707 diversa
658 649 781 715 ratione,
802 650 901 708 unitas
920 649 991 708 rsti-

122 725 283 796 Essentier,
306 725 436 785 Trinitas
450 726 564 786 ratione
580 730 782 789 Personarum.
921 748 924 753 ·

87 806 138 861 An
145 804 379 877 admittendum,
387 806 469 882 quod
483 807 521 866 de
531 807 588 867 hoc
603 810 654 869 SS.
675 808 830 868 Trinitatis
845 808 991 884 Mysterio

46 880 110 957 ,ine
122 885 343 963 propositiones
353 898 457 946 contra
465 887 598 947 dictoriae
608 890 695 948 simui
708 889 992 968 possintvereenun·

46 960 111 1023 tisri
119 989 130 1037 3
145 977 200 1024 ant
209 966 293 1045 quod
306 966 495 1045 syllogismus
515 969 666 1047 legitimus
680 971 712 1029 in
722 990 758 1029 eo
772 968 863 1047 possit
877 968 988 1029 fallere.

46 1098 56 1109 .
87 1044 124 1103 R.
140 1046 309 1123 Negativie;
331 1046 403 1125 quia
420 1067 536 1127 semper
543 1049 724 1120 invenietur,
746 1049 827 1128 quod
840 1049 993 1109 affirmatio

46 1135 78 1180 et
94 1127 216 1202 negatio
230 1124 303 1185 fiant
317 1129 372 1186 sub
394 1127 512 1187 diversa
531 1131 648 1189 ratione
656 1155 669 1203 3
692 1130 738 1189 vei
754 1128 835 1208 quod
849 1128 992 1191 alterutra

46 1206 211 1281 propositio
226 1207 266 1266 sit
278 1207 367 1267 tidsa:
390 1219 420 1266 et
430 1208 549 1267 italicet
566 1210 656 1269 Pater
670 1221 802 1288 generet,
825 1209 992 1269 Filiuenon

46 1298 182 1361 muneret,
193 1298 295 1347 tamen
319 1308 378 1345 non
402 1299 472 1347 sunt
485 1289 677 1373 admittendae
691 1292 738 1350 hae
752 1290 968 1369 propositiones
982 1312 990 1348 t

46 1366 69 1396 “
78 1360 162 1424 D'eus
173 1379 220 1425 est
233 1387 389 1444 generans,
405 1379 434 1426 et
454 1388 515 1427 non
528 1382 573 1427 est
581 1390 726 1447 generans
741 1372 766 1431 :''
775 1371 846 1448 qnia
859 1371 890 1427 in
899 1371 991 1449 priori

46 1438 80 1523 i}
91 1452 111 1479 “
123 1447 226 1507 Deus”
241 1449 584 1526 supponitdeterminate
595 1471 649 1528 pro
666 1453 761 1518 Patre,
786 1451 816 1508 in
831 1450 986 1529 posteriori

47 1528 193 1603 supponit
204 1549 261 1606 pro
270 1530 408 1587 omnibus
421 1531 554 1607 personis
568 1531 749 1602 indistincte,
763 1531 894 1609 facitque
907 1529 989 1597 hunc

48 1622 171 1671 sensum
178 1631 193 1680 3
211 1608 297 1667 uuila
310 1610 438 1668 Persona
449 1608 551 1668 divina
563 1623 696 1688 generat,
721 1610 920 1688 quodfalsum
935 1623 990 1671 est.

88 1682 270 1767 Nots‚qnod
284 1689 359 1748 falsa
372 1689 481 1748 sithaec
495 1694 675 1769 propositio:
700 1699 719 1724 “
731 1692 844 1751 Divina
855 1691 990 1751 Essentia

50 1771 72 1798 “
83 1780 206 1843 generet
215 1766 243 1827 :'’
255 1770 296 1827 ita
309 1769 463 1828 definitum
480 1782 524 1827 est
537 1772 569 1829 in
585 1771 697 1831 Concil.
728 1771 921 1832 Lateraneosi
935 1774 990 1831 sub

50 1843 149 1909 Iunco
160 1849 223 1909 111.
239 1869 304 1929 cap.
319 1859 346 1910 2.
364 1869 553 1909 osnnsnus.

90 1924 151 1985 Ill.
160 1928 306 1999 Observa,
322 1929 412 2009 quiid,
421 1932 559 2007 quamvis
567 1933 746 2009 Mysteriurn
771 1931 826 1990 SS.
836 1930 991 1992 Trinitatis

51 2006 87 2064 sit
99 2027 190 2087 supra
212 2009 368 2081 rationem,
394 2010 457 2068 sive
471 2030 562 2089 supra
575 2023 708 2070 nostrum
727 2010 829 2070 lumen
852 2011 987 2070 naturale

52 2100 107 2145 non
120 2091 161 2148 sit
171 2100 275 2149 tamen
287 2101 388 2151 contra
402 2090 566 2163 rationem3
582 2092 665 2151 nulla
678 2093 755 2151 enim
776 2090 906 2149 evidenti
920 2092 990 2151 rati-

56 2185 103 2225 one
119 2164 178 2228 hoc
192 2170 223 2228 M
227 2172 372 2248 ysterinm
386 2171 647 2230 contradictionem
667 2196 676 2243 ;
690 2171 841 2236 involvere
853 2171 989 2231 convinci

55 2258 110 2320 tur3
122 2251 469 2330 omnisqueargumenta
481 2264 585 2310 contra
598 2252 674 2311 iliud
684 2252 842 2312 militantia
855 2249 991 2312 solubilis

59 2340 126 2397 sunt,
146 2329 233 2389 aits.
253 2331 359 2390 Thom.
375 2343 481 2408 quaest.
498 2342 521 2389 1.
537 2346 591 2390 art.
605 2341 631 2391 8.

69 2458 72 2463 .
91 2409 185 2478 Adde,
196 2411 278 2487 quod
292 2412 367 2469 ratio
385 2413 450 2489 ipsa
469 2413 599 2482 suadeat,
615 2434 645 2470 so
656 2413 744 2471 nimis
759 2411 905 2469 infirmam
920 2431 983 2469 esse

59 2485 293 2568 inintelligendis
304 2491 372 2562 illis,
383 2511 448 2569 qum
461 2493 518 2550 Dei
532 2505 611 2559 sunt,
626 2493 691 2553 crim
705 2512 760 2550 nec
774 2491 901 2569 seipfflm
913 2510 983 2569 ocg-

59 2584 165 2628 noscere
179 2573 285 2649 possit.

91 2648 254 2786 (ἓιιιατεὴοο
267 2652 445 2730 Mysterium
462 2654 572 2713 dicitur
590 2673 655 2711 esse
675 2672 768 2729 supra
778 2651 921 2711 rationem
936 2672 987 2712 tra-

60 2736 98 2785 tur
124 2736 193 2791 ern?

91 2809 121 2868 R.
138 2809 177 2868 1⁰.
191 2813 273 2884 Quis
285 2832 344 2870 non
359 2833 513 2889 possumus
527 2812 604 2870 illud
625 2811 778 2871 intellectu
793 2820 894 2870 nostro
908 2832 988 2871 com·

61 2888 238 2960 prehendere
281 2892 323 2953 2⁰.
335 2893 414 2965 Quia
428 2893 492 2952 soii
505 2894 619 2952 ratione
629 2893 756 2969 naturali
768 2894 800 2950 in
813 2891 895 2953 illius
918 2914 988 2972 ecg-

60 2966 188 3033 adonem
202 2972 345 3034 devenire
355 2993 416 3032 non
425 2994 592 3053 possumus

63 3125 90 3189 N.
109 3130 155 3192 6⁵.
185 3133 246 3191 DE
269 3133 543 3193 COGNITIONE
565 3133 773 3193 MYSTERII
790 3132 985 3193 sineris

319 3235 431 3293 SIMAE
453 3232 713 3294 TnlnrrnTls.

359 3394 391 3451 S.
408 3394 436 3452 T
435 3394 506 3452 hom.
519 3405 618 3474 qnoest.
633 3402 680 3453 82.

141 3551 165 3610 1.
189 3549 256 3609 Hoc
268 3555 429 3626 mysterium
443 3553 502 3611 sora
517 3553 628 3610 ratione
640 3549 768 3629 cognosci
783 3547 889 3628 nequit

72 3704 288 3778 QUOMODO
292 3711 467 3783 pervenitur
475 3709 514 3769 ad
524 3708 829 3793 cognitionemhu'pns
838 3707 996 3787 mysterii}

68 3785 94 3840 R
105 3788 163 3843 Per
170 3787 264 3844 solam
273 3788 488 3849 revelationem
500 3791 651 3866 divinam,
668 3814 725 3856 seu
737 3815 796 3877 per
807 3791 907 3855 iidem
917 3810 930 3846 ·.
940 3807 1017 3867 pro·
