2160 4072
281 129 327 173 na
351 118 494 175 acrium
518 116 689 176 nuliam.
888 114 956 183 ll&

53 278 93 338 V.
109 264 275 353 &emptam
292 278 329 333 ‘ia
352 263 406 356 qao
428 277 499 335 derit
512 278 596 334 tertia
610 278 737 335 mnditia.
779 279 825 338 VI
829 323 834 336 .
849 278 955 340 Eam.

53 354 626 496 ΜΨῗιῗίῗὲιὲῖῖῗῖιῖῒὲἴῖῗο·
643 358 738 496 vlll
757 356 955 497 illellt

53 437 122 574 inlusi?
139 454 308 572 venilliam
327 456 518 593 requiraltrcr,
544 523 575 572 ut
589 481 703 594 effectur
716 460 954 578 ebomisrimtqeuail

53 592 213 673 culpabilqa.
256 584 309 651 lX.
327 594 474 673 Requiaita
487 595 694 675 praemissione
707 596 876 654 voluntaria.

53 753 252 833 QUAENAM
264 754 467 831 requiruntur,
493 765 527 812 ut
551 756 665 832 aliquid
686 756 803 815 dicatur
817 756 956 816 voluuta-

53 834 138 913 imin
152 834 220 901 alio,
236 834 298 892 aive
309 845 343 892 ut
353 833 476 893 effeetus
489 836 526 893 ait
538 835 724 894 voluntarius
739 838 769 894 in
782 840 891 896 causa?

54 916 79 974 l.
99 917 134 972 R.
158 914 362 991 Requiruutur
383 916 618 995 tria'sequentia,
637 916 674 975 1⁰.
692 919 736 976 Ut
760 916 881 976 effectus
903 917 955 977 ille

53 1014 115 1072 quo
128 995 218 1052 modo
230 1014 266 1052 ex
278 996 330 1053 illa
351 1007 437 1053 cauta
450 1006 591 1073 sequatur
615 996 729 1056 direct&
741 997 787 1055 vel
801 997 953 1060 indirecta

52 1121 58 1134 .
74 1077 116 1153 Ut
126 1095 219 1152 agens
232 1070 404 1152 prae'viilerit
418 1076 465 1134 vel
486 1077 650 1155 previdere
664 1090 716 1136 aut
729 1079 834 1135 timere
847 1088 955 1157 potue-

53 1166 98 1214 :et
120 1156 267 1224 debuerit,
291 1157 429 1214 effectum
456 1156 540 1214 illum
566 1159 642 1216 forte
665 1163 836 1217 secuturum
851 1179 888 1216 ex
902 1158 954 1216 illa
1024 1187 1028 1191 ¹

53 1246 112 1299 aaa·
155 1236 195 1297 3⁰.
224 1238 268 1295 Ut
287 1238 400 1315 justam
422 1237 567 1295 rationem
587 1257 648 1296 non
671 1238 810 1297 habuerit
834 1257 954 1297 eausam
995 1274 1000 1295 ι

53 1317 157 1386 mendi,-
169 1314 208 1374 ob
219 1336 308 1392 quam
318 1317 430 1396 justam
440 1316 584 1376 rationem
600 1338 631 1375 se
651 1328 751 1396 posset
763 1318 872 1376 habere
886 1338 955 1396 per·
1029 1370 1032 1384 ,
1054 1359 1056 1363 -

53 1398 135 1457 ἱειίνὸ
149 1397 187 1454 ad
201 1394 337 1456 affectum
355 1409 540 1456 secuturum.
583 1400 627 1457 Ut
646 1408 745 1456 autem
759 1397 880 1456 effectus
894 1417 954 1456 nou

53 1470 107 1535 limi
121 1479 160 1535 sit
172 1478 368 1548 voluntarius,
381 1479 434 1536 aed
448 1479 533 1536 etiam
552 1479 720 1557 culpabilia,
734 1477 898 1556 requiritur
911 1479 954 1538 4⁰.

53 1558 271 1636 tagena'fuerit
292 1559 442 1636 obligatus
463 1559 608 1636 impedire
616 1558 758 1618 'effectum
773 1568 955 1617 secuturum.

62 1638 100 1694 ll.
118 1639 201 1696 Hinc
213 1647 305 1716 patet,
321 1639 470 1716 quomodo
483 1639 677 1698 homicidium
699 1659 736 1698 ex
752 1639 871 1697 incauta
884 1658 955 1718 pro-

53 1718 142 1791 etiune
161 1719 318 1795 'ignorum
340 1720 372 1776 iu
390 1719 516 1797 plateam
532 1720 703 1778 homiuibus
726 1720 957 1797 frequentatam,

53 1799 280 1856 tvoluntarium
300 1809 331 1858 et
357 1799 505 1876 culpabile
516 1823 529 1871 ς
555 1801 626 1877 quia
653 1810 782 1877 quatuor
805 1799 957 1876 pradictae

53 1879 204 1936 mditiones
224 1890 414 1938 concurrunt.

62 1955 147 2017 Videt
154 1960 264 2036 aliquis
279 1959 296 2017 ὲ
309 1960 398 2036 longe
411 1960 508 2018 furem
522 1960 681 2029 furantem,
697 1978 787 2038 quem
801 1958 958 2017 clamando

53 2056 79 2095 ιιι
90 2038 224 2118 impedit,
250 2038 303 2098 ubi
321 2040 407 2098 facile
422 2049 541 2118 potest,
568 2059 606 2098 an
619 2040 731 2100 furtum
745 2038 826 2120 istud
840 2048 885 2097 eat
897 2038 956 2116 ipsi

53 2117 241 2179 tluutarium?

65 2198 95 2257 a
108 2200 140 2258 si
154 2220 190 2258 ex
209 2200 327 2278 justitia
336 2201 493 2259 tenebatur
502 2200 618 2259 furtum
632 2200 788 2279 impedire,
816 2210 957 2259 causetur

53 2280 141 2357 utipai
155 2280 352 2339 voluntarium
362 2304 372 2352 ;
383 2282 453 2357 quia
463 2290 507 2339 est
518 2281 600 2339 illius
613 2284 702 2339 causa
715 2279 833 2339 moralia
855 2280 957 2357 priva-

53 2358 91 2429 bt,
103 2370 132 2418 et
144 2370 263 2419 tenetur
275 2361 313 2419 ad
330 2362 545 2421 restitutionem
565 2368 706 2439 tanquam
719 2369 830 2419 mutua.
872 2358 957 2431 Diei·

53 2444 76 2495 tr
96 2446 114 2474 ‘⁸
128 2458 217 2499 eausa
229 2441 376 2520 privativa
386 2444 416 2514 ,·”
442 2441 513 2519 quia
532 2442 632 2519 privat
654 2441 776 2498 tertium
801 2440 871 2517 jure
891 2458 956 2507 auo,

53 2519 101 2593 aad
112 2520 213 2590 babet,
240 2533 275 2580 ut
284 2522 398 2581 furtum
411 2540 466 2599 per
476 2523 574 2599 ipsum
587 2521 774 2599 impediatur.

68 2599 119 2659 ΙΙΙ.
135 2600 166 2660 Si
181 2602 272 2659 solun
286 2622 322 2661 ex
334 2602 477 2662 charitate
488 2602 686 2680 obligabatur,
700 2601 815 2658 furtum
829 2617 890 2657 uon
912 2606 958 2657 eat

53 2679 297 2753 ta‘voluntarium,
322 2683 440 2741 defectu
452 2683 542 2760 primi
556 2680 700 2759 requisiti,
715 2681 785 2759 quia
797 2688 871 2737 tune
892 2676 957 2737 fur·

53 2761 182 2819 aunario
204 2763 295 2825 modo
308 2764 442 2840 sequitur
455 2782 491 2821 ex
510 2762 577 2840 ejus
602 2761 727 2831 silentio,
755 2761 823 2819 eum
837 2779 898 2817 non
912 2762 957 2817 te.

53 2849 126 2911 tatur
150 2861 187 2898 ex
207 2841 324 2920 justitia
338 2844 464 2902 clamare
477 2841 516 2900 ad
530 2843 597 2912 hoc,
613 2854 646 2901 ut
665 2842 779 2900 furtum
794 2837 958 2919 impediat;

53 2919 108 2991 ¹nula
120 2940 175 2980 nec
187 2931 307 2982 tenetur
316 2923 356 2982 ad
368 2923 595 2982 restitutionem.

53 3004 57 3067 ζ
71 3001 132 3081 0bj.
148 3003 179 3061 Si
192 3002 356 3074 clamasset,
369 3004 482 3062 furtum
496 3021 557 3060 non
571 3003 675 3061 fuisset
687 3002 813 3074 factum3
830 3019 903 3078 ergo
917 3008 962 3057 eat

53 3076 110 3145 hu
120 3082 239 3141 moralia
258 3084 340 3142 furti.

53 3144 101 3237 lli.
114 3162 189 3240 Ναί,
201 3181 321 3242 conseq.
350 3173 552 3242 erassumpto
574 3163 653 3239 enim
674 3162 791 3220 tantbm
814 3159 959 3237 sequitur,

53 3206 104 3309 llld
116 3242 266 3302 silentium
280 3244 357 3311 illud
371 3244 410 3303 sit
435 3243 601 3303 “conditio
624 3242 688 3301 sine
705 3262 767 3320 qua
792 3242 881 3311 non,''
907 3238 961 3296 aad

53 3324 177 3399 merea
189 3342 251 3381 non
263 3335 308 3382 est
319 3344 416 3383 eausa.
460 3325 561 3383 Potest
571 3322 692 3402 quidem
704 3323 820 3379 furtum
832 3320 890 3377 hoc
903 3317 962 3396 ipsi

53 3402 233 3536 molitum,
249 3404 301 3464 aed
315 3425 375 3464 non
389 3404 457 3462 ideo
471 3416 516 3480 est
529 3402 750 3477 voluntarium:
778 3399 897 3459 omissio
909 3399 962 3456 illa

102 3483 156 3541 oria
180 3494 225 3542 eat
239 3484 367 3561 quidem
391 3484 516 3562 physice
536 3482 645 3543 eadem
668 3491 796 3558 utroque
810 3499 890 3551 casu,
907 3478 960 3538 sed

53 3556 962 3643 lbttururuliter,preptereirournstantiamobligationisjustitiae.

79 3638 228 3723 idem-cum
240 3645 343 3704 eadem
352 3645 541 3704 distinetione
550 3643 716 3705 dicendum
724 3641 763 3703 tle
776 3662 825 3714 eu,
838 3640 980 3720 quxaim-

53 3700 138 3805 βων
148 3725 264 3781 tautum
273 3723 361 3783 audit
374 3725 607 3786 detractionem.

65 3792 104 3853 W
115 3800 164 3855 Ob
176 3800 328 3865 defectum
344 3806 491 3866 secundae
503 3801 714 3888 conditionis,
723 3805 965 3872 inaestuabat,
977 3795 1022 3852 52

450 3899 510 3956 93
