2160 4072
43 4 889 44 ἡ

147 86 193 135 nn
216 90 361 137 acernus
384 91 553 135 nunnius.
759 66 821 135 161

43 236 157 296 tertinet
167 238 206 297 ad
220 239 374 300 essentiam
384 237 547 296 libertatis:
562 238 654 296 altera
663 246 708 295 eat
718 237 821 305 activa,

43 329 82 374 :et
98 328 234 377 voluntas
249 320 371 395 sicagit,
393 329 427 376 ut
442 317 530 376 simul
544 317 650 376 habeat
663 318 824 394 potentiam

43 397 72 464 li,
89 411 119 455 et
132 398 195 458 haec
210 399 407 457 indifferentia
419 409 464 456 est
477 398 515 456 de
529 398 656 457 essentia
670 397 824 456 libertatis.

43 488 156 537 artatam
171 481 259 537 etiarn
274 500 333 538 non
348 478 510 556 requiritur
525 475 824 556 indifferentia-aqui·

53 558 190 618 voluntas
201 561 239 618 sit
250 561 333 637 quasi
344 561 374 617 in
383 560 473 628 bivio,
489 578 586 637 neque
600 558 637 616 ad
652 578 741 616 unam
756 578 825 635 par-

43 641 252 716 tpropendeat
265 650 352 718 quam
364 639 510 706 adullam,
526 649 560 699 ut
572 649 653 717 patet
663 639 719 696 sub
729 638 824 711 gratia*

43 719 147 777 ritibus
168 723 262 790 bonis,
284 742 351 798 quae
365 720 547 779 voluntatem
562 719 601 778 ad
615 721 727 777 bonum
741 717 826 779 incli-

43 801 77 856 rb
92 798 241 860 habitibus
255 801 350 872 malis,
366 801 419 879 qui
434 801 615 877 voluntatem
629 798 776 885 inclinant
787 798 826 858 ad
843 819 854 847 a

43 961 317 1021 uiliter-notandum
336 963 373 1021 ad
395 960 561 1021 libertatem
587 959 698 1039 requiri
721 979 826 1038 quarn-

43 1043 280 1108 emanationem,
305 1042 470 1101 naturalem
486 1045 598 1121 utique,
614 1047 673 1119 qut
690 1041 826 1100 voluntas

43 1142 54 1177 r
66 1142 125 1196 non
138 1136 182 1199 est
196 1123 392 1181 determinata
401 1123 441 1181 ad
456 1143 566 1181 unum:
592 1141 651 1180 non
666 1134 767 1180 autem
777 1140 826 1179 re-

43 1201 260 1263 rdeterntinatio
266 1204 400 1272 actualis,
416 1214 450 1261 ut
461 1215 542 1281 patet
552 1204 583 1261 in
595 1204 672 1273 Deo,
683 1201 745 1279 qui,
757 1200 827 1259 licet

43 1304 61 1337 ο
83 1283 238 1343 actualiter
263 1284 477 1343 determinatus
501 1284 593 1343 fuerit
616 1282 655 1341 ad
680 1280 826 1341 mundum

43 1404 52 1431 ,
67 1364 261 1429 nihilominus
274 1385 342 1422 eum
356 1364 451 1423 libere
466 1366 496 1423 in
511 1376 644 1441 tempore
657 1360 808 1441 produxit

121 1490 159 1582 nss
177 1525 223 1585 16.
265 1525 593 1585 coaoutanruu.

43 1683 103 1742 unia
124 1684 253 1758 definitio
272 1684 413 1744 libertatis
437 1654 635 1751 admittenda!
669 1682 711 1741 ll.
751 1681 826 1762 Ejus

43 1766 111 1821 tratri
128 1763 299 1826 Molinirtaa.
332 1762 402 1823 «ΙΙΙ.
423 1766 530 1824 Sensus
543 1764 632 1844 juata
658 1760 824 1821 Themistou.

43 1862 101 1901 eruc
115 1843 288 1919 comperitur.
332 1845 365 1903 V.
388 1845 494 1903 Sensus
507 1845 623 1905 dicitur.
665 1838 721 1899 Vl.
743 1838 826 1899 Male

43 1921 115 2016 “lam
137 1928 292 1996 exponitur.
333 1925 407 1986 Vll.
439 1923 581 2007 litabatur
603 1923 663 1981 ltoec
680 1919 778 1979 ditatio
791 1939 825 1985 etc

43 2021 84 2059 ru.
511 2047 514 2053 .

43 2158 187 2219 mittenda
208 2172 253 2220 est
266 2161 331 2221 haec
352 2162 440 2220 liberi
463 2156 578 2219 arbitrii
603 2179 655 2217 seu
678 2155 825 2223 libertatis

43 2238 85 2297 tiae
100 2239 252 2305 definitio:
276 2242 402 2303 facultas
416 2262 468 2307 seu
482 2237 626 2318 potentia,
642 2257 707 2316 quaa
721 2235 825 2316 positis

43 2319 66 2376 ‚d
81 2320 230 2397 agendum
244 2322 467 2401 proerequisitis‚
487 2331 586 2398 potest
599 2339 697 2396 agere,
721 2329 752 2377 et
764 2335 824 2375 non

44 2419 118 2458 ensu
131 2403 297 2480 composito
311 2405 441 2462 omniurn
455 2400 749 2494 praerefluieitorum?

43 2478 224 2541 tffirmative:
238 2484 303 2542 clun
319 2483 398 2543 enim
408 2483 472 2561 jam
484 2502 593 2561 passim
604 2480 706 2538 tamin
717 2476 825 2537 scholia

43 2560 71 2618 eis
83 2562 172 2636 quam
184 2560 400 2641 Philosophicis
410 2566 507 2623 locum
521 2560 692 2626 obtinuerit,
706 2576 767 2615 non
781 2564 827 2614 eet

50 2663 57 2699 ε
84 2643 185 2701 veriun
207 2642 240 2699 in
258 2644 436 2722 assignando
451 2662 540 2703 aerrsu
554 2640 645 2709 illius,
660 2657 769 2716 magna
781 2647 826 2695 eet

43 2740 50 2777 i
66 2719 273 2800 discrepantia.
454 2782 456 2787 ,
766 2780 769 2787 ,
800 2755 806 2761 -

43 2800 142 2859 inistae
155 2808 219 2861 earn
231 2802 382 2885 applicant
390 2806 448 2865 hoc
458 2802 557 2873 modo,
573 2812 607 2861 ut
616 2800 720 2879 positis
730 2796 826 2857 omni·

43 2881 173 2958 equisitis‚
188 2885 276 2945 etiam
293 2887 486 2963 quantum'ex
499 2894 584 2963 parte
598 2880 680 2941 uetita
691 2878 824 2949 secundi,

43 2962 120 3020 torsit
133 2984 221 3041 agere
235 2965 283 3023 vel
296 2986 357 3027 non
371 2987 459 3044 agere
480 2966 513 3027 in
536 2983 624 3025 sensu
642 2958 825 3038 composito;

43 3041 74 3099 ul
85 3043 376 3124 consisterequeant,
384 3046 490 3127 ,quinia
499 3042 544 3105 ad‘
552 3042 703 3122 agendum
715 3059 826 3119 prare-

43 3134 123 3192 aunt,
145 3125 231 3185 etiam
243 3146 286 3187 ex
299 3122 484 3207 parteactua
498 3123 629 3194 secundi,
649 3132 684 3181 et
696 3120 824 3180 liberum

52 3222 112 3261 non
127 3203 197 3281 agit.
334 3268 336 3275 ¹
421 3262 424 3269 ,
439 3262 441 3267 ,
481 3204 484 3209 ’
551 3262 554 3269 ,

43 3296 85 3341 llae
97 3303 161 3343 eam
177 3285 341 3349 admittunt
355 3284 526 3367 dupliciter.

43 3363 56 3420 ’.
90 3364 165 3425 Haec
178 3368 290 3437 ¹verba,
318 3374 337 3400 “
351 3368 458 3427 Positis
472 3366 614 3429 erunibus.
622 3362 662 3425 ad
676 3358 826 3447 agendurn

43 3442 153 3514 risitisj'
167 3447 319 3525 explicant
330 3447 368 3509 de
377 3447 593 3527 prarequieitis
605 3464 642 3505 ex
650 3442 827 3522 parteactlls

43 3547 47 3581 ι
78 3527 204 3600 ιοτειηίω
218 3530 341 3597 tantum,
356 3539 386 3587 et
395 3528 437 3587 ita
448 3532 504 3588 sub
513 3526 612 3606 gratia
624 3524 732 3589 remote
747 3520 826 3581 ruffi·

43 3546 83 3664 t?
86 3606 167 3684 ipsos
182 3604 308 3669 habetur
320 3608 443 3669 libertas
456 3608 496 3668 ad
515 3607 675 3687 agendum,
697 3602 778 3675 licat,
792 3612 827 3661 ut

43 3686 189 3745 nbitrium
210 3687 382 3749 deducatur
401 3689 442 3749 ad
458 3700 560 3749 actum
572 3684 752 3757 secuudum,
774 3702 833 3743 w&

43 3777 82 3832 aa
105 3765 162 3824 alia
172 3769 271 3844 gratia
287 3769 325 3831 sit
337 3771 523 3836 necessaria.
541 3830 544 3837 .

137 3862 140 3866 ’
320 3873 339 3910 Ρ
358 3863 376 3915 3
