2152 4066
98 114 176 207 ΜΒ)
460 136 696 185 ursorum·

121 289 240 349 Nutu
262 283 324 346 DE
344 283 537 345 PECCATO
558 282 741 344 VENIALI
763 282 821 347 EX
842 285 1021 375 GENERE.

357 445 396 539 S..
407 444 506 537 erom.
521 452 616 524 quast.
632 420 679 504 te.
692 453 748 504 orl.
761 453 793 507 2.
1063 378 1068 415 ¹

128 603 153 665 1.
166 550 314 662 Peucolao
327 601 433 661 monle
451 608 493 661 ert
511 602 625 681 triplex.
667 603 709 663 11.
734 602 852 664 Veniat
871 622 908 665 er
919 622 1025 685 guttere.

146 756 661 838 QUOTUPLICITERpeccatum
668 756 790 838 aliquod
798 762 1042 825 diciturvenialel

148 841 173 901 l.
188 842 223 899 R.
235 838 416 918 Tripliciter,
431 839 670 901 scilicet²reniale
683 858 721 901 ex
740 860 852 918 genero
866 862 923 903 sno
931 842 1001 904 slve
1013 852 1046 907 er

104 921 220 999 objecto
234 939 286 978 seu
299 920 406 997 specie,
416 919 531 978 veniale
540 941 577 980 ex
587 921 731 999 parvitate
740 922 884 993 materiae,
896 932 927 981 et
937 924 1045 985 veniale

104 1023 142 1061 ex
155 999 327 1077 imperfecta
341 1000 552 1063 deliberatione
565 1021 617 1060 sou
630 1003 674 1060 ob.
683 1002 941 1078 imperfectionem
962 1008 1044 1067 actus,
1065 1008 1068 1105 l

147 1078 281 1139 Pauwels
294 1080 378 1138 addit
403 1092 540 1157 quartum
555 1100 651 1158 genus
670 1093 862 1159 peccatorum
878 1081 1044 1158 venialium,

105 1174 173 1239 que
185 1159 319 1219 nominat
332 1167 484 1239 “peccata
497 1158 623 1221 venialia
632 1180 669 1220 ex
677 1181 766 1221 causa
774 1165 969 1231 excusanto‚”
980 1163 1046 1225 dum

107 1239 220 1300 scilicet
233 1260 330 1311 causa,
354 1241 429 1300 ratio
441 1251 494 1299 aut
506 1243 663 1300 necessitas
686 1253 732 1300 est
753 1243 815 1300 fere
830 1242 992 1313 sufficiens,
1016 1256 1043 1306 ut

108 1321 156 1379 lex
170 1329 272 1388 cesset,
284 1320 332 1378 vel
345 1332 444 1391 actum
455 1321 607 1379 excusetd
620 1332 683 1381 toto
696 1333 834 1398 peccato:
850 1325 895 1381 ita
907 1334 943 1381 ut
954 1323 1042 1384 defer·

107 1412 157 1460 tus
170 1401 209 1459 sit
222 1399 314 1459 solim
328 1400 420 1459 levina
440 1420 469 1458 v.
483 1421 518 1477 g..
526 1401 611 1459 adest
622 1401 699 1461 ratio
709 1403 770 1460 fere
780 1400 944 1473 sufficiens,
957 1413 992 1463 ut
1000 1424 1039 1464 er·
1066 1400 1068 1455 l

107 1491 191 1543 curet
203 1479 355 1558 ijejunio,
366 1480 523 1539 necessitas
536 1493 582 1539 est
594 1482 686 1539 ferme
700 1493 833 1541 extrema
846 1482 880 1541 in
902 1482 1038 1545 ablotiom

106 1559 201 1640 penis,
211 1571 268 1619 etc.
280 1559 356 1619 adeo
365 1563 524 1620 utentum
538 1561 695 1635 venialiter¹
700 1561 733 1619 in
746 1571 816 1622 actu
824 1574 981 1641 powetur.
993 1564 1039 1624 lle·-
1067 1617 1068 1624 ,

106 1639 173 1698 nim
184 1640 241 1699 hoc
251 1659 347 1717 genus
356 1644 423 1718 apte
437 1641 542 1699 referri
561 1653 659 1719 potest
671 1642 710 1700 ad
727 1655 851 1721 peccata
873 1642 1003 1703 venialia
1011 1660 1038 1705 er

107 1720 329 1799 imperfectione
340 1717 432 1782 actis.

147 1800 211 1861 Alii
223 1801 429 1878 superaddunt
441 1799 523 1859 eliud
536 1820 640 1878 genos,
667 1801 740 1861 dnm
752 1820 863 1880 nempe
885 1800 1038 1883 Leglslator

105 1883 137 1940 in
150 1882 271 1939 materia
284 1882 369 1957 gravi
381 1882 494 1939 mutim
505 1880 619 1959 obligat
627 1884 684 1941 sub
697 1881 775 1942 levi:
791 1883 845 1941 sed
858 1901 922 1942 non
936 1883 1038 1945 videon

106 1972 266 2039 propterea
282 1960 482 2020 recedendum
496 1960 515 2020 i
528 1962 678 2021 communi
692 1961 834 2040 loquendi
848 1963 942 2022 modo
950 1986 961 2035 ς
983 1980 1038 2026 nm

106 2040 279 2120 hujusmodi
291 2042 417 2101 venialia
430 2041 532 2100 reduci
540 2054 665 2119 possunt
677 2043 716 2101 ad
729 2043 858 2101 venialia
871 2062 909 2101 ex
924 2043 1037 2123 objecto,

107 2122 156 2180 vel
169 2142 206 2181 ex
215 2121 361 2198 parvitate
373 2122 512 2192 materia,
524 2123 594 2200 quia
604 2122 673 2182 licet
683 2142 730 2182 res
739 2122 791 2180 illa
801 2122 994 2183 materialiter
1010 2127 1039 2186 rit

106 2202 215 2279 gravis,
229 2201 391 2260 formaliter
404 2212 503 2261 tamen
517 2213 547 2260 et
566 2204 715 2261 moraliter
726 2213 771 2261 est
785 2203 870 2261 levis.

148 2280 218 2339 Dici
232 2281 317 2339 etiam
327 2293 434 2360 potest,
449 2281 530 2360 quod
539 2283 726 2361 triapraefata
735 2302 848 2360 genera
857 2284 1038 2364 comprohen·
1066 2314 1068 2333 =

106 2362 180 2421 dant
193 2361 319 2421 venialia
330 2363 488 2432 ordinaria,
500 2382 562 2420 non
582 2362 822 2421 extraordinaria.

147 2441 306 2513 Quodnam
320 2454 474 2520 peccatum
488 2442 599 2502 dicitur
612 2443 727 2501 veniale
740 2463 777 2500 ex
790 2462 903 2520 genere
916 2448 990 2505 suo?

150 2522 193 2580 ll.
218 2521 255 2580 R.
271 2522 361 2592 lllud,
387 2523 468 2601 quod
482 2523 513 2580 in
525 2522 647 2600 propria
659 2523 772 2582 ratione
792 2543 846 2582 seu
867 2525 968 2602 speeie
990 2544 1040 2585 non

107 2612 204 2679 potest
217 2621 279 2662 esse
292 2604 425 2674 mortale,
439 2602 496 2661 nisi
509 2603 622 2661 malitis
634 2603 755 2662 alterius
769 2604 891 2662 rationis
906 2623 959 2662 seu
983 2625 1040 2683 sps·

107 2682 164 2742 cici
176 2683 316 2755 accedst3
331 2684 374 2741 ita
385 2686 507 2743 verbum
522 2684 648 2741 otiosum
662 2694 757 2743 estex
780 2703 890 2761 genere
904 2703 962 2743 suo
980 2704 1043 2762 peo-

108 2763 345 2833 catumreniale,
367 2764 440 2823 item
459 2763 646 2822 mendacium
656 2764 792 2842 jocosum
813 2763 864 2823 vel
876 2764 1043 2834 officiosum,

108 2841 295 2920 superfluitas
304 2844 336 2901 in
346 2844 418 2916 risu,
437 2845 469 2902 in
479 2843 582 2902 letitia
595 2844 644 2903 vel
656 2844 785 2915 tristitia,
809 2863 887 2903 vana
897 2845 1044 2904 curiositas

108 2935 162 2981 etc.
178 2936 247 2981 sunt
257 2944 293 2982 ex
304 2944 413 3001 genere
426 2944 480 2984 suo
492 2934 613 3000 peccata
623 2924 757 2993 venialia,
766 2924 846 3002 quia,
857 2925 916 2984 nisi
929 2925 1045 2984 alterins

108 3003 215 3082 speciei
229 3004 455 3064 circumstantiae
468 3003 617 3076 accedant,
631 3014 785 3082 nequeunt
798 3023 862 3063 esse
883 3005 1028 3065 mortalia.

110 3166 150 3224 N.
165 3173 214 3233 59.
236 3165 294 3224 DE
318 3163 510 3225 PECCATO
532 3163 714 3224 VENIALI
737 3164 793 3224 01³
816 3162 1045 3225 IMPERFEC·

407 3242 578 3304 TIONEM
601 3245 750 3305 ACTUS.
900 3270 903 3274 ·

109 3406 135 3463 1.
150 3403 265 3464 Venicle
276 3402 310 3463 ob
320 3402 647 3484 irnpefictionemaclds.
689 3405 732 3464 11.
746 3404 842 3462 Polerl
854 3404 926 3463 duri
934 3404 967 3463 ia
979 3405 1047 3464 maai

324 3484 452 3542 muteris.
494 3484 554 3542 111.
570 3484 720 3543 Esoariir
729 3487 835 3542 camo.

115 3612 117 3617 Ι
147 3642 369 3714 QUODNAM
382 3653 536 3722 peccatum
545 3643 655 3703 dicitur
664 3642 780 3702 veniale
791 3643 1046 3735 obsimperfectatu

98 3723 352 3788 deliberationem
360 3746 413 3787 seu
423 3725 688 3805 imperiectionem
696 3722 872 3789 ementerii,
879 3723 1054 3791 einamma.

89 3809 203 3889 'quitur
216 3809 249 3871 S.
269 3812 385 3874 Thom.
399 3810 443 3871 ob
456 3805 727 3888 imnerieeiionem
732 3799 836 3885 actual
