<?xml version="1.0" encoding="UTF-8"?>
<!DOCTYPE html PUBLIC "-//W3C//DTD XHTML 1.0 Transitional//EN"
    "http://www.w3.org/TR/xhtml1/DTD/xhtml1-transitional.dtd">
<html xmlns="http://www.w3.org/1999/xhtml" xml:lang="en" lang="en">
 <head>
  <title>
</title>
<meta http-equiv="Content-Type" content="text/html;charset=utf-8" />
  <meta name='ocr-system' content='tesseract 3.04.00' />
  <meta name='ocr-capabilities' content='ocr_page ocr_carea ocr_par ocr_line ocrx_word'/>
</head>
<body>
  <div class='ocr_page' id='page_1' title='image "./theologiamorali00densgoog_0277.png"; bbox 0 0 2152 4066; ppageno 0'>
   <div class='ocr_carea' id='block_1_1' title="bbox 239 286 830 395">
    <p class='ocr_par' dir='ltr' id='par_1_1' title="bbox 239 286 830 395">
     <span class='ocr_line' id='line_1_1' title="bbox 239 286 830 395; baseline -0.015 0"><span class='ocrx_word' id='word_1_1' title='bbox 239 287 686 395; x_wconf 82' lang='lat' dir='ltr'><strong>TRACTATUS</strong></span> <span class='ocrx_word' id='word_1_2' title='bbox 733 286 830 387; x_wconf 84' lang='lat' dir='ltr'>v1.</span> 
     </span>
    </p>
   </div>
   <div class='ocr_carea' id='block_1_2' title="bbox 312 668 758 737">
    <p class='ocr_par' dir='ltr' id='par_1_2' title="bbox 312 668 758 737">
     <span class='ocr_line' id='line_1_2' title="bbox 312 668 758 737; baseline -0.009 -6"><span class='ocrx_word' id='word_1_3' title='bbox 312 671 446 737; x_wconf 72' lang='lat' dir='ltr'>vlrlls</span> <span class='ocrx_word' id='word_1_4' title='bbox 468 671 523 730; x_wconf 87' lang='grc' dir='ltr'>ΕΤ</span> <span class='ocrx_word' id='word_1_5' title='bbox 546 668 758 733; x_wconf 62' lang='lat' dir='ltr'>succuris.</span> 
     </span>
    </p>
   </div>
   <div class='ocr_carea' id='block_1_3' title="bbox 405 924 664 1147">
    <p class='ocr_par' dir='ltr' id='par_1_3' title="bbox 405 924 664 1147">
     <span class='ocr_line' id='line_1_3' title="bbox 405 924 664 998; baseline -0.015 -11"><span class='ocrx_word' id='word_1_6' title='bbox 405 925 607 998; x_wconf 78' lang='lat' dir='ltr'>QUAESTIO</span> <span class='ocrx_word' id='word_1_7' title='bbox 640 924 664 983; x_wconf 94' lang='grc' dir='ltr'>Ι.</span> 
     </span>
     <span class='ocr_line' id='line_1_4' title="bbox 423 1080 647 1147; baseline -0.004 -4"><span class='ocrx_word' id='word_1_8' title='bbox 423 1085 482 1147; x_wconf 88' lang='lat' dir='ltr'>DE</span> <span class='ocrx_word' id='word_1_9' title='bbox 503 1080 647 1147; x_wconf 83' lang='lat' dir='ltr'>VITIIS.</span> 
     </span>
    </p>
   </div>
   <div class='ocr_carea' id='block_1_4' title="bbox 145 1332 932 1584">
    <p class='ocr_par' dir='ltr' id='par_1_4' title="bbox 145 1332 932 1584">
     <span class='ocr_line' id='line_1_5' title="bbox 145 1332 932 1403; baseline 0 -2"><span class='ocrx_word' id='word_1_10' title='bbox 145 1343 186 1401; x_wconf 89' lang='lat' dir='ltr'>N.</span> <span class='ocrx_word' id='word_1_11' title='bbox 208 1341 255 1403; x_wconf 84' lang='grc'>86.</span> <span class='ocrx_word' id='word_1_12' title='bbox 300 1341 357 1400; x_wconf 84' lang='lat' dir='ltr'>DE</span> <span class='ocrx_word' id='word_1_13' title='bbox 379 1332 674 1401; x_wconf 79' lang='lat' dir='ltr'><strong>DEFINITIONE</strong></span> <span class='ocrx_word' id='word_1_14' title='bbox 696 1338 932 1403; x_wconf 83' lang='lat' dir='ltr'>VITIORUM.</span> 
     </span>
     <span class='ocr_line' id='line_1_6' title="bbox 221 1499 854 1584; baseline -0.003 -24"><span class='ocrx_word' id='word_1_15' title='bbox 221 1502 253 1560; x_wconf 85' lang='lat' dir='ltr'>S.</span> <span class='ocrx_word' id='word_1_16' title='bbox 272 1500 368 1561; x_wconf 71' lang='lat' dir='ltr'>Ttma</span> <span class='ocrx_word' id='word_1_17' title='bbox 397 1508 424 1560; x_wconf 91' lang='lat' dir='ltr'>l.</span> <span class='ocrx_word' id='word_1_18' title='bbox 439 1510 467 1563; x_wconf 72' lang='lat'>2.</span> <span class='ocrx_word' id='word_1_19' title='bbox 492 1509 587 1584; x_wconf 74' lang='lat' dir='ltr'>queret.</span> <span class='ocrx_word' id='word_1_20' title='bbox 604 1509 652 1568; x_wconf 81' lang='lat'>71.</span> <span class='ocrx_word' id='word_1_21' title='bbox 666 1519 728 1579; x_wconf 79' lang='lat' dir='ltr'>usq.</span> <span class='ocrx_word' id='word_1_22' title='bbox 748 1499 788 1557; x_wconf 85' lang='lat' dir='ltr'>ad</span> <span class='ocrx_word' id='word_1_23' title='bbox 805 1507 854 1568; x_wconf 90' lang='lat'>89.</span> 
     </span>
    </p>
   </div>
   <div class='ocr_carea' id='block_1_5' title="bbox 64 1655 953 2055">
    <p class='ocr_par' dir='ltr' id='par_1_5' title="bbox 64 1655 953 2055">
     <span class='ocr_line' id='line_1_7' title="bbox 64 1655 951 1748; baseline -0.005 -31"><span class='ocrx_word' id='word_1_24' title='bbox 64 1660 90 1719; x_wconf 90' lang='lat' dir='ltr'>I.</span> <span class='ocrx_word' id='word_1_25' title='bbox 109 1657 221 1720; x_wconf 63' lang='lat' dir='ltr'>latium.</span> <span class='ocrx_word' id='word_1_26' title='bbox 265 1658 308 1717; x_wconf 76' lang='grc' dir='ltr'>ΙΙ.</span> <span class='ocrx_word' id='word_1_27' title='bbox 328 1656 485 1748; x_wconf 79' lang='lat' dir='ltr'>Peceptum</span> <span class='ocrx_word' id='word_1_28' title='bbox 498 1667 538 1718; x_wconf 79' lang='lat' dir='ltr'>est</span> <span class='ocrx_word' id='word_1_29' title='bbox 547 1659 634 1738; x_wconf 82' lang='lat' dir='ltr'>pejus</span> <span class='ocrx_word' id='word_1_30' title='bbox 648 1655 721 1716; x_wconf 82' lang='lat' dir='ltr'>uitio.</span> <span class='ocrx_word' id='word_1_31' title='bbox 765 1658 825 1718; x_wconf 90' lang='lat'>111.</span> <span class='ocrx_word' id='word_1_32' title='bbox 846 1655 951 1717; x_wconf 79' lang='lat' dir='ltr'>Vitium</span> 
     </span>
     <span class='ocr_line' id='line_1_8' title="bbox 98 1736 953 1819; baseline -0.001 -24"><span class='ocrx_word' id='word_1_33' title='bbox 98 1737 217 1819; x_wconf 81' lang='lat' dir='ltr'>ponitur</span> <span class='ocrx_word' id='word_1_34' title='bbox 230 1738 373 1797; x_wconf 64' lang='lat' dir='ltr'>contrarie*</span> <span class='ocrx_word' id='word_1_35' title='bbox 384 1739 482 1797; x_wconf 77' lang='lat' dir='ltr'>virtuti</span> <span class='ocrx_word' id='word_1_36' title='bbox 495 1736 629 1796; x_wconf 72' lang='lat' dir='ltr'>naturali.</span> <span class='ocrx_word' id='word_1_37' title='bbox 670 1737 726 1797; x_wconf 90' lang='lat' dir='ltr'>IV.</span> <span class='ocrx_word' id='word_1_38' title='bbox 753 1737 848 1802; x_wconf 82' lang='lat' dir='ltr'>Plura</span> <span class='ocrx_word' id='word_1_39' title='bbox 862 1743 930 1795; x_wconf 81' lang='lat' dir='ltr'>sunt</span> <span class='ocrx_word' id='word_1_40' title='bbox 944 1757 953 1794; x_wconf 79' lang='lat' dir='ltr'>t</span> 
     </span>
     <span class='ocr_line' id='line_1_9' title="bbox 104 1815 953 1897; baseline -0.004 -24"><span class='ocrx_word' id='word_1_41' title='bbox 104 1817 186 1897; x_wconf 72' lang='lat' dir='ltr'>quim</span> <span class='ocrx_word' id='word_1_42' title='bbox 213 1816 337 1877; x_wconf 79' lang='lat' dir='ltr'>uirtutes.</span> <span class='ocrx_word' id='word_1_43' title='bbox 378 1816 415 1875; x_wconf 93' lang='lat' dir='ltr'>V.</span> <span class='ocrx_word' id='word_1_44' title='bbox 441 1815 578 1884; x_wconf 70' lang='lat' dir='ltr'>Quodam</span> <span class='ocrx_word' id='word_1_45' title='bbox 595 1823 712 1895; x_wconf 84' lang='lat' dir='ltr'>peccata</span> <span class='ocrx_word' id='word_1_46' title='bbox 732 1816 895 1894; x_wconf 73' lang='lat' dir='ltr'><em>specialiter</em></span> <span class='ocrx_word' id='word_1_47' title='bbox 909 1815 953 1872; x_wconf 77' lang='lat' dir='ltr'>dui</span> 
     </span>
     <span class='ocr_line' id='line_1_10' title="bbox 103 1894 953 1977; baseline -0.004 -23"><span class='ocrx_word' id='word_1_48' title='bbox 103 1903 200 1956; x_wconf 80' lang='lat' dir='ltr'>contra</span> <span class='ocrx_word' id='word_1_49' title='bbox 214 1904 353 1956; x_wconf 80' lang='lat' dir='ltr'>naturam.</span> <span class='ocrx_word' id='word_1_50' title='bbox 394 1896 451 1956; x_wconf 78' lang='lat' dir='ltr'>VL</span> <span class='ocrx_word' id='word_1_51' title='bbox 467 1894 568 1956; x_wconf 80' lang='lat' dir='ltr'>Cauroe</span> <span class='ocrx_word' id='word_1_52' title='bbox 580 1896 700 1974; x_wconf 78' lang='lat' dir='ltr'>majoris</span> <span class='ocrx_word' id='word_1_53' title='bbox 709 1895 901 1977; x_wconf 81' lang='lat' dir='ltr'>proclivitatis</span> <span class='ocrx_word' id='word_1_54' title='bbox 915 1895 953 1952; x_wconf 81' lang='lat' dir='ltr'>ad</span> 
     </span>
     <span class='ocr_line' id='line_1_11' title="bbox 105 1975 433 2055; baseline 0 -22"><span class='ocrx_word' id='word_1_55' title='bbox 105 1976 146 2033; x_wconf 82' lang='lat' dir='ltr'>tio</span> <span class='ocrx_word' id='word_1_56' title='bbox 161 1995 243 2055; x_wconf 79' lang='lat' dir='ltr'>quam</span> <span class='ocrx_word' id='word_1_57' title='bbox 257 1977 297 2036; x_wconf 88' lang='lat' dir='ltr'>ad</span> <span class='ocrx_word' id='word_1_58' title='bbox 310 1975 433 2039; x_wconf 77' lang='lat' dir='ltr'>virtutes.</span> 
     </span>
    </p>
   </div>
   <div class='ocr_carea' id='block_1_6' title="bbox 12 2134 954 3819">
    <p class='ocr_par' dir='ltr' id='par_1_6' title="bbox 106 2134 425 2209">
     <span class='ocr_line' id='line_1_12' title="bbox 106 2134 425 2209; baseline -0.003 -14"><span class='ocrx_word' id='word_1_59' title='bbox 106 2135 216 2209; x_wconf 85' lang='lat' dir='ltr'><strong>QUID</strong></span> <span class='ocrx_word' id='word_1_60' title='bbox 228 2146 273 2195; x_wconf 86' lang='lat' dir='ltr'>est</span> <span class='ocrx_word' id='word_1_61' title='bbox 286 2134 425 2194; x_wconf 82' lang='lat' dir='ltr'>Vitium?</span> 
     </span>
    </p>

    <p class='ocr_par' dir='ltr' id='par_1_7' title="bbox 12 2213 953 2535">
     <span class='ocr_line' id='line_1_13' title="bbox 106 2213 953 2294; baseline -0.004 -21"><span class='ocrx_word' id='word_1_62' title='bbox 106 2216 130 2273; x_wconf 92' lang='grc' dir='ltr'>Ι.</span> <span class='ocrx_word' id='word_1_63' title='bbox 144 2215 179 2271; x_wconf 86' lang='lat' dir='ltr'>R.</span> <span class='ocrx_word' id='word_1_64' title='bbox 189 2215 302 2274; x_wconf 84' lang='lat' dir='ltr'>Vitium</span> <span class='ocrx_word' id='word_1_65' title='bbox 316 2215 434 2294; x_wconf 69' lang='lat' dir='ltr'>proprii</span> <span class='ocrx_word' id='word_1_66' title='bbox 449 2225 479 2274; x_wconf 86' lang='lat' dir='ltr'>et</span> <span class='ocrx_word' id='word_1_67' title='bbox 488 2214 668 2292; x_wconf 68' lang='lat' dir='ltr'>Theologice</span> <span class='ocrx_word' id='word_1_68' title='bbox 683 2214 841 2274; x_wconf 85' lang='lat' dir='ltr'>definitur:</span> <span class='ocrx_word' id='word_1_69' title='bbox 857 2219 878 2248; x_wconf 90' lang='lat'><em>“</em></span> <span class='ocrx_word' id='word_1_70' title='bbox 892 2213 953 2271; x_wconf 79' lang='lat' dir='ltr'>hab:</span> 
     </span>
     <span class='ocr_line' id='line_1_14' title="bbox 66 2294 953 2372; baseline -0.001 -19"><span class='ocrx_word' id='word_1_71' title='bbox 66 2294 245 2354; x_wconf 78' lang='lat' dir='ltr'>“inclinans</span> <span class='ocrx_word' id='word_1_72' title='bbox 266 2296 304 2353; x_wconf 86' lang='lat' dir='ltr'>ad</span> <span class='ocrx_word' id='word_1_73' title='bbox 316 2307 470 2372; x_wconf 85' lang='lat' dir='ltr'>peccatum</span> <span class='ocrx_word' id='word_1_74' title='bbox 478 2319 488 2367; x_wconf 92' lang='lat'>;</span> <span class='ocrx_word' id='word_1_75' title='bbox 511 2298 528 2319; x_wconf 90' lang='grc'>”</span> <span class='ocrx_word' id='word_1_76' title='bbox 540 2295 620 2354; x_wconf 88' lang='lat' dir='ltr'>unde</span> <span class='ocrx_word' id='word_1_77' title='bbox 645 2296 751 2354; x_wconf 87' lang='lat' dir='ltr'>vitium</span> <span class='ocrx_word' id='word_1_78' title='bbox 776 2294 953 2370; x_wconf 86' lang='lat' dir='ltr'>distinguitu</span> 
     </span>
     <span class='ocr_line' id='line_1_15' title="bbox 12 2374 953 2455; baseline -0.004 -21"><span class='ocrx_word' id='word_1_79' title='bbox 12 2381 23 2390; x_wconf 64' lang='grc'><strong>“</strong></span> <span class='ocrx_word' id='word_1_80' title='bbox 67 2385 198 2455; x_wconf 86' lang='lat' dir='ltr'>peccato,</span> <span class='ocrx_word' id='word_1_81' title='bbox 224 2375 311 2434; x_wconf 88' lang='lat' dir='ltr'>sicuti</span> <span class='ocrx_word' id='word_1_82' title='bbox 335 2375 456 2437; x_wconf 80' lang='lat' dir='ltr'>habitus</span> <span class='ocrx_word' id='word_1_83' title='bbox 476 2377 513 2435; x_wconf 89' lang='lat' dir='ltr'>ab</span> <span class='ocrx_word' id='word_1_84' title='bbox 528 2386 615 2436; x_wconf 81' lang='lat' dir='ltr'>actu:</span> <span class='ocrx_word' id='word_1_85' title='bbox 647 2396 724 2454; x_wconf 86' lang='lat' dir='ltr'>saepe</span> <span class='ocrx_word' id='word_1_86' title='bbox 737 2386 839 2434; x_wconf 85' lang='lat' dir='ltr'>tamen</span> <span class='ocrx_word' id='word_1_87' title='bbox 861 2374 953 2432; x_wconf 89' lang='lat' dir='ltr'>vitiun</span> 
     </span>
     <span class='ocr_line' id='line_1_16' title="bbox 65 2455 590 2535; baseline 0.002 -20"><span class='ocrx_word' id='word_1_88' title='bbox 65 2465 222 2535; x_wconf 86' lang='lat' dir='ltr'>peccatum</span> <span class='ocrx_word' id='word_1_89' title='bbox 233 2466 392 2515; x_wconf 88' lang='lat' dir='ltr'>sumuntur</span> <span class='ocrx_word' id='word_1_90' title='bbox 407 2477 461 2535; x_wconf 90' lang='lat' dir='ltr'>pro</span> <span class='ocrx_word' id='word_1_91' title='bbox 474 2455 590 2516; x_wconf 84' lang='lat' dir='ltr'>eodem.</span> 
     </span>
    </p>

    <p class='ocr_par' dir='ltr' id='par_1_8' title="bbox 106 2535 746 2616">
     <span class='ocr_line' id='line_1_17' title="bbox 106 2535 746 2616; baseline -0.002 -20"><span class='ocrx_word' id='word_1_92' title='bbox 106 2539 215 2596; x_wconf 87' lang='lat' dir='ltr'>Utrum</span> <span class='ocrx_word' id='word_1_93' title='bbox 230 2538 315 2616; x_wconf 84' lang='lat' dir='ltr'>pejus</span> <span class='ocrx_word' id='word_1_94' title='bbox 329 2547 382 2606; x_wconf 87' lang='lat' dir='ltr'>est,</span> <span class='ocrx_word' id='word_1_95' title='bbox 398 2547 552 2615; x_wconf 85' lang='lat' dir='ltr'>peceatum</span> <span class='ocrx_word' id='word_1_96' title='bbox 566 2555 603 2594; x_wconf 89' lang='lat' dir='ltr'>an</span> <span class='ocrx_word' id='word_1_97' title='bbox 617 2535 746 2595; x_wconf 88' lang='lat' dir='ltr'>vitium?</span> 
     </span>
    </p>

    <p class='ocr_par' dir='ltr' id='par_1_9' title="bbox 64 2616 954 3095">
     <span class='ocr_line' id='line_1_18' title="bbox 106 2616 954 2694; baseline -0.004 -20"><span class='ocrx_word' id='word_1_98' title='bbox 106 2616 150 2674; x_wconf 89' lang='lat'>11.</span> <span class='ocrx_word' id='word_1_99' title='bbox 165 2617 199 2674; x_wconf 84' lang='lat' dir='ltr'>R.</span> <span class='ocrx_word' id='word_1_100' title='bbox 215 2618 291 2675; x_wconf 89' lang='lat' dir='ltr'>Cum</span> <span class='ocrx_word' id='word_1_101' title='bbox 306 2617 335 2676; x_wconf 90' lang='lat' dir='ltr'>S.</span> <span class='ocrx_word' id='word_1_102' title='bbox 352 2617 457 2677; x_wconf 92' lang='lat' dir='ltr'>Thom.</span> <span class='ocrx_word' id='word_1_103' title='bbox 475 2627 576 2694; x_wconf 76' lang='lat' dir='ltr'>quaest.</span> <span class='ocrx_word' id='word_1_104' title='bbox 602 2624 649 2683; x_wconf 79' lang='grc'>71.</span> <span class='ocrx_word' id='word_1_105' title='bbox 664 2625 718 2673; x_wconf 85' lang='lat' dir='ltr'>art.</span> <span class='ocrx_word' id='word_1_106' title='bbox 733 2623 760 2673; x_wconf 83' lang='lat'>3.</span> <span class='ocrx_word' id='word_1_107' title='bbox 776 2624 954 2693; x_wconf 76' lang='lat' dir='ltr'>peccatum(</span> 
     </span>
     <span class='ocr_line' id='line_1_19' title="bbox 65 2695 953 2775; baseline -0.002 -23"><span class='ocrx_word' id='word_1_108' title='bbox 65 2697 151 2774; x_wconf 90' lang='lat' dir='ltr'>pejus</span> <span class='ocrx_word' id='word_1_109' title='bbox 163 2696 235 2754; x_wconf 88' lang='lat' dir='ltr'>vitio</span> <span class='ocrx_word' id='word_1_110' title='bbox 248 2717 255 2763; x_wconf 87' lang='lat'><strong>;</strong></span> <span class='ocrx_word' id='word_1_111' title='bbox 276 2697 346 2774; x_wconf 88' lang='lat' dir='ltr'>quia</span> <span class='ocrx_word' id='word_1_112' title='bbox 358 2697 444 2775; x_wconf 90' lang='lat' dir='ltr'>pejus</span> <span class='ocrx_word' id='word_1_113' title='bbox 453 2709 498 2756; x_wconf 85' lang='lat' dir='ltr'>est</span> <span class='ocrx_word' id='word_1_114' title='bbox 512 2695 589 2755; x_wconf 70' lang='lat' dir='ltr'>male</span> <span class='ocrx_word' id='word_1_115' title='bbox 603 2716 701 2773; x_wconf 84' lang='lat' dir='ltr'>agere,</span> <span class='ocrx_word' id='word_1_116' title='bbox 713 2695 803 2774; x_wconf 70' lang='lat' dir='ltr'>quim</span> <span class='ocrx_word' id='word_1_117' title='bbox 819 2695 953 2771; x_wconf 55' lang='lat' dir='ltr'>habere}</span> 
     </span>
     <span class='ocr_line' id='line_1_20' title="bbox 64 2773 953 2852; baseline -0.001 -20"><span class='ocrx_word' id='word_1_118' title='bbox 64 2777 237 2852; x_wconf 89' lang='lat' dir='ltr'>pensionem</span> <span class='ocrx_word' id='word_1_119' title='bbox 260 2796 312 2835; x_wconf 91' lang='lat' dir='ltr'>seu</span> <span class='ocrx_word' id='word_1_120' title='bbox 326 2777 547 2836; x_wconf 83' lang='lat' dir='ltr'>inclinationem</span> <span class='ocrx_word' id='word_1_121' title='bbox 570 2776 750 2834; x_wconf 80' lang='lat' dir='ltr'><strong>habitualem</strong></span> <span class='ocrx_word' id='word_1_122' title='bbox 776 2775 815 2833; x_wconf 89' lang='lat' dir='ltr'>ad</span> <span class='ocrx_word' id='word_1_123' title='bbox 829 2773 905 2832; x_wconf 75' lang='lat' dir='ltr'>male</span> <span class='ocrx_word' id='word_1_124' title='bbox 920 2795 953 2850; x_wconf 86' lang='lat' dir='ltr'>ag</span> 
     </span>
     <span class='ocr_line' id='line_1_21' title="bbox 66 2855 953 2935; baseline -0.001 -22"><span class='ocrx_word' id='word_1_125' title='bbox 66 2855 148 2914; x_wconf 90' lang='lat' dir='ltr'>dum.</span> <span class='ocrx_word' id='word_1_126' title='bbox 191 2856 358 2915; x_wconf 57' lang='lat' dir='ltr'>Secundum</span> <span class='ocrx_word' id='word_1_127' title='bbox 369 2857 443 2935; x_wconf 87' lang='lat' dir='ltr'>quid</span> <span class='ocrx_word' id='word_1_128' title='bbox 464 2868 563 2915; x_wconf 84' lang='lat' dir='ltr'>tamen</span> <span class='ocrx_word' id='word_1_129' title='bbox 578 2856 684 2915; x_wconf 89' lang='lat' dir='ltr'>vitium</span> <span class='ocrx_word' id='word_1_130' title='bbox 699 2856 785 2934; x_wconf 88' lang='lat' dir='ltr'>pejus</span> <span class='ocrx_word' id='word_1_131' title='bbox 799 2866 844 2913; x_wconf 90' lang='lat' dir='ltr'>est</span> <span class='ocrx_word' id='word_1_132' title='bbox 870 2874 953 2931; x_wconf 72' lang='lat' dir='ltr'>pecca</span> 
     </span>
     <span class='ocr_line' id='line_1_22' title="bbox 66 2935 946 3014; baseline -0.001 -21"><span class='ocrx_word' id='word_1_133' title='bbox 66 2937 136 3012; x_wconf 84' lang='lat' dir='ltr'>quia</span> <span class='ocrx_word' id='word_1_134' title='bbox 145 2953 253 3012; x_wconf 87' lang='lat' dir='ltr'>nempe</span> <span class='ocrx_word' id='word_1_135' title='bbox 263 2935 383 2995; x_wconf 87' lang='lat' dir='ltr'>habitus</span> <span class='ocrx_word' id='word_1_136' title='bbox 397 2937 506 2997; x_wconf 78' lang='lat' dir='ltr'>diutius</span> <span class='ocrx_word' id='word_1_137' title='bbox 520 2937 618 3008; x_wconf 88' lang='lat' dir='ltr'>durat,</span> <span class='ocrx_word' id='word_1_138' title='bbox 632 2936 722 3014; x_wconf 71' lang='lat' dir='ltr'>quim</span> <span class='ocrx_word' id='word_1_139' title='bbox 736 2946 829 3005; x_wconf 85' lang='lat' dir='ltr'>actus,</span> <span class='ocrx_word' id='word_1_140' title='bbox 839 2944 870 2992; x_wconf 91' lang='lat' dir='ltr'>et</span> <span class='ocrx_word' id='word_1_141' title='bbox 884 2954 946 2993; x_wconf 89' lang='lat' dir='ltr'>esse</span> 
     </span>
     <span class='ocr_line' id='line_1_23' title="bbox 65 3016 588 3095; baseline 0.006 -21"><span class='ocrx_word' id='word_1_142' title='bbox 65 3027 124 3074; x_wconf 88' lang='lat' dir='ltr'>test</span> <span class='ocrx_word' id='word_1_143' title='bbox 138 3035 227 3073; x_wconf 85' lang='lat' dir='ltr'>causa</span> <span class='ocrx_word' id='word_1_144' title='bbox 242 3016 374 3092; x_wconf 89' lang='lat' dir='ltr'>plurium</span> <span class='ocrx_word' id='word_1_145' title='bbox 389 3029 588 3095; x_wconf 85' lang='lat' dir='ltr'>peccatorum.</span> 
     </span>
    </p>

    <p class='ocr_par' dir='ltr' id='par_1_10' title="bbox 106 3095 709 3175">
     <span class='ocr_line' id='line_1_24' title="bbox 106 3095 709 3175; baseline 0 -21"><span class='ocrx_word' id='word_1_146' title='bbox 106 3095 266 3167; x_wconf 82' lang='lat' dir='ltr'>Quomodo</span> <span class='ocrx_word' id='word_1_147' title='bbox 278 3097 384 3154; x_wconf 90' lang='lat' dir='ltr'>vitium</span> <span class='ocrx_word' id='word_1_148' title='bbox 398 3098 560 3175; x_wconf 89' lang='lat' dir='ltr'>opponitur</span> <span class='ocrx_word' id='word_1_149' title='bbox 580 3097 709 3156; x_wconf 83' lang='lat' dir='ltr'>virtuti?</span> 
     </span>
    </p>

    <p class='ocr_par' dir='ltr' id='par_1_11' title="bbox 66 3176 954 3717">
     <span class='ocr_line' id='line_1_25' title="bbox 108 3176 953 3255; baseline -0.002 -23"><span class='ocrx_word' id='word_1_150' title='bbox 108 3176 167 3233; x_wconf 92' lang='lat'><em>111.</em></span> <span class='ocrx_word' id='word_1_151' title='bbox 186 3176 220 3233; x_wconf 88' lang='lat' dir='ltr'>R.</span> <span class='ocrx_word' id='word_1_152' title='bbox 238 3177 277 3233; x_wconf 81' lang='lat'>1⁰.</span> <span class='ocrx_word' id='word_1_153' title='bbox 294 3176 409 3235; x_wconf 84' lang='lat' dir='ltr'>Vitium</span> <span class='ocrx_word' id='word_1_154' title='bbox 423 3187 512 3255; x_wconf 91' lang='lat' dir='ltr'>prout</span> <span class='ocrx_word' id='word_1_155' title='bbox 526 3187 571 3236; x_wconf 91' lang='lat' dir='ltr'>est</span> <span class='ocrx_word' id='word_1_156' title='bbox 584 3177 704 3235; x_wconf 89' lang='lat' dir='ltr'>habitus</span> <span class='ocrx_word' id='word_1_157' title='bbox 718 3196 838 3254; x_wconf 87' lang='lat' dir='ltr'>pravus,</span> <span class='ocrx_word' id='word_1_158' title='bbox 849 3194 953 3252; x_wconf 90' lang='lat' dir='ltr'>oppon:</span> 
     </span>
     <span class='ocr_line' id='line_1_26' title="bbox 67 3255 942 3333; baseline -0.002 -19"><span class='ocrx_word' id='word_1_159' title='bbox 67 3257 181 3326; x_wconf 88' lang='lat' dir='ltr'>virtuti,</span> <span class='ocrx_word' id='word_1_160' title='bbox 196 3276 262 3333; x_wconf 83' lang='lat' dir='ltr'>quae</span> <span class='ocrx_word' id='word_1_161' title='bbox 273 3269 318 3316; x_wconf 88' lang='lat' dir='ltr'>est</span> <span class='ocrx_word' id='word_1_162' title='bbox 328 3256 447 3316; x_wconf 88' lang='lat' dir='ltr'>habitus</span> <span class='ocrx_word' id='word_1_163' title='bbox 461 3259 576 3330; x_wconf 86' lang='lat' dir='ltr'>bonus;</span> <span class='ocrx_word' id='word_1_164' title='bbox 606 3256 648 3316; x_wconf 72' lang='lat'>2⁰.</span> <span class='ocrx_word' id='word_1_165' title='bbox 662 3257 772 3315; x_wconf 87' lang='lat' dir='ltr'>Vitium</span> <span class='ocrx_word' id='word_1_166' title='bbox 797 3255 942 3314; x_wconf 78' lang='lat' dir='ltr'>contrarie</span> 
     </span>
     <span class='ocr_line' id='line_1_27' title="bbox 66 3336 954 3414; baseline -0.001 -21"><span class='ocrx_word' id='word_1_167' title='bbox 66 3337 187 3414; x_wconf 93' lang='lat' dir='ltr'>ponitur</span> <span class='ocrx_word' id='word_1_168' title='bbox 198 3338 302 3396; x_wconf 88' lang='lat' dir='ltr'>virtuti</span> <span class='ocrx_word' id='word_1_169' title='bbox 311 3337 438 3396; x_wconf 84' lang='lat' dir='ltr'>naturali</span> <span class='ocrx_word' id='word_1_170' title='bbox 449 3337 481 3395; x_wconf 93' lang='lat' dir='ltr'>in</span> <span class='ocrx_word' id='word_1_171' title='bbox 489 3337 592 3396; x_wconf 87' lang='lat' dir='ltr'>eadem</span> <span class='ocrx_word' id='word_1_172' title='bbox 603 3337 733 3402; x_wconf 77' lang='lat' dir='ltr'>materia,</span> <span class='ocrx_word' id='word_1_173' title='bbox 743 3356 803 3393; x_wconf 93' lang='lat' dir='ltr'>non</span> <span class='ocrx_word' id='word_1_174' title='bbox 817 3336 859 3392; x_wconf 88' lang='lat' dir='ltr'>ita</span> <span class='ocrx_word' id='word_1_175' title='bbox 871 3355 954 3412; x_wconf 84' lang='lat' dir='ltr'>super</span> 
     </span>
     <span class='ocr_line' id='line_1_28' title="bbox 66 3415 945 3497; baseline -0.002 -23"><span class='ocrx_word' id='word_1_176' title='bbox 66 3416 175 3488; x_wconf 88' lang='lat' dir='ltr'>turali;</span> <span class='ocrx_word' id='word_1_177' title='bbox 192 3428 222 3476; x_wconf 91' lang='lat' dir='ltr'>et</span> <span class='ocrx_word' id='word_1_178' title='bbox 231 3419 301 3477; x_wconf 90' lang='lat' dir='ltr'>hinc</span> <span class='ocrx_word' id='word_1_179' title='bbox 316 3419 462 3496; x_wconf 88' lang='lat' dir='ltr'>provenit,</span> <span class='ocrx_word' id='word_1_180' title='bbox 484 3417 565 3497; x_wconf 79' lang='lat' dir='ltr'>quod</span> <span class='ocrx_word' id='word_1_181' title='bbox 577 3430 647 3496; x_wconf 83' lang='lat' dir='ltr'>post</span> <span class='ocrx_word' id='word_1_182' title='bbox 661 3415 900 3496; x_wconf 81' lang='lat' dir='ltr'>justificationem</span> <span class='ocrx_word' id='word_1_183' title='bbox 914 3425 945 3473; x_wconf 90' lang='lat' dir='ltr'>et</span> 
     </span>
     <span class='ocr_line' id='line_1_29' title="bbox 67 3495 952 3577; baseline -0.001 -24"><span class='ocrx_word' id='word_1_184' title='bbox 67 3508 166 3573; x_wconf 88' lang='lat' dir='ltr'>ceptas</span> <span class='ocrx_word' id='word_1_185' title='bbox 189 3498 315 3557; x_wconf 89' lang='lat' dir='ltr'>virtutes</span> <span class='ocrx_word' id='word_1_186' title='bbox 343 3498 581 3577; x_wconf 84' lang='lat' dir='ltr'>supernaturales</span> <span class='ocrx_word' id='word_1_187' title='bbox 606 3518 684 3576; x_wconf 86' lang='lat' dir='ltr'>saepe</span> <span class='ocrx_word' id='word_1_188' title='bbox 707 3506 880 3555; x_wconf 87' lang='lat' dir='ltr'>remaneant</span> <span class='ocrx_word' id='word_1_189' title='bbox 893 3495 952 3554; x_wconf 88' lang='lat' dir='ltr'>hab</span> 
     </span>
     <span class='ocr_line' id='line_1_30' title="bbox 67 3576 953 3656; baseline 0 -24"><span class='ocrx_word' id='word_1_190' title='bbox 67 3576 164 3634; x_wconf 90' lang='lat' dir='ltr'>vitiosi</span> <span class='ocrx_word' id='word_1_191' title='bbox 178 3577 378 3637; x_wconf 88' lang='lat' dir='ltr'>involuntarii.</span> <span class='ocrx_word' id='word_1_192' title='bbox 401 3579 491 3638; x_wconf 82' lang='lat' dir='ltr'>Plura</span> <span class='ocrx_word' id='word_1_193' title='bbox 497 3579 558 3637; x_wconf 88' lang='lat' dir='ltr'>huc</span> <span class='ocrx_word' id='word_1_194' title='bbox 569 3577 731 3656; x_wconf 85' lang='lat' dir='ltr'>spectantia</span> <span class='ocrx_word' id='word_1_195' title='bbox 741 3576 871 3656; x_wconf 88' lang='lat' dir='ltr'>reperies</span> <span class='ocrx_word' id='word_1_196' title='bbox 880 3576 910 3633; x_wconf 90' lang='lat' dir='ltr'>in</span> <span class='ocrx_word' id='word_1_197' title='bbox 921 3576 953 3634; x_wconf 76' lang='lat' dir='ltr'>Ti</span> 
     </span>
     <span class='ocr_line' id='line_1_31' title="bbox 67 3657 431 3717; baseline 0.008 -3"><span class='ocrx_word' id='word_1_198' title='bbox 67 3667 131 3714; x_wconf 87' lang='lat' dir='ltr'>tatu</span> <span class='ocrx_word' id='word_1_199' title='bbox 147 3657 216 3714; x_wconf 88' lang='lat' dir='ltr'>“de</span> <span class='ocrx_word' id='word_1_200' title='bbox 232 3658 431 3717; x_wconf 87' lang='lat' dir='ltr'>Virtutibus.&#39;’</span> 
     </span>
    </p>

    <p class='ocr_par' dir='ltr' id='par_1_12' title="bbox 107 3737 710 3819">
     <span class='ocr_line' id='line_1_32' title="bbox 107 3737 710 3819; baseline 0.003 -23"><span class='ocrx_word' id='word_1_201' title='bbox 107 3741 157 3796; x_wconf 90' lang='lat' dir='ltr'>An</span> <span class='ocrx_word' id='word_1_202' title='bbox 170 3737 258 3816; x_wconf 84' lang='lat' dir='ltr'>plura</span> <span class='ocrx_word' id='word_1_203' title='bbox 272 3748 342 3797; x_wconf 90' lang='lat' dir='ltr'>sunt</span> <span class='ocrx_word' id='word_1_204' title='bbox 356 3737 437 3799; x_wconf 85' lang='lat' dir='ltr'>vitia.</span> <span class='ocrx_word' id='word_1_205' title='bbox 458 3739 549 3819; x_wconf 76' lang='lat' dir='ltr'>quim</span> <span class='ocrx_word' id='word_1_206' title='bbox 563 3739 710 3800; x_wconf 86' lang='lat' dir='ltr'>virtutes?</span> 
     </span>
    </p>
   </div>
   <div class='ocr_carea' id='block_1_7' title="bbox 0 0 1085 4066">
    <p class='ocr_par' dir='ltr' id='par_1_13' title="bbox 0 0 1085 4066">
     <span class='ocr_line' id='line_1_33' title="bbox 0 0 1085 4066; baseline 0 0"><span class='ocrx_word' id='word_1_207' title='bbox 0 0 1085 4066; x_wconf 95' lang='lat' dir='ltr'> </span> 
     </span>
    </p>
   </div>
  </div>
 </body>
</html>
