2160 4072
122 78 188 147 162
493 106 692 151 rrncrsros
789 170 793 177 ι

164 251 255 309 Hono
276 250 315 310 sd
335 251 486 331 agendum
499 252 668 312 libertatem
683 249 851 311 defendunt
866 251 1050 313 Lorsnierntt
1065 247 1070 304 ἵ

125 332 156 388 in
169 330 282 390 femost
299 336 351 391 sut
367 338 503 402 censurt,
518 344 549 392 et
562 334 628 412 ejus
638 332 863 413 justificatione.
1038 316 1052 355 ¹'
1067 390 1070 399 ,

165 409 206 470 2⁰.
229 411 404 472 Admittunt
412 412 615 472 definitionem
628 415 659 472 in
674 413 829 491 supposito
841 412 978 472 omnium
1042 432 1047 441 ·
1066 406 1070 447 ³

124 490 346 569 requisitorum,
361 493 451 552 etiam
466 515 502 553 ex
516 496 603 573 ps'rte
615 496 699 553 aetus
714 491 848 563 secundi,
862 492 917 552 sed
930 512 997 552 eom
1040 508 1047 515 ·

124 570 216 630 tenti&
230 573 269 631 ad
282 573 432 651 agendum
442 575 493 633 vel
505 595 567 633 non
580 574 730 653 agendum
744 572 777 631 in
790 592 882 633 sensu
896 572 1048 632 divisores·-

125 652 197 721 tum,
220 671 281 712 non
292 655 323 711 in
338 674 426 714 sensu
441 656 621 734 composito:
646 656 688 714 sio
697 654 785 733 juxta
796 655 879 732 ipsos
889 672 959 713 eom

125 750 180 810 per
194 752 225 790 se
239 733 348 792 efficaci
362 746 420 794 stat
441 736 574 812 potentio
597 735 635 793 ad
655 752 717 794 non
740 734 903 813 agendum,
931 752 1014 812 quoru
1029 732 1043 747 ''

125 832 186 870 non
195 815 344 885 consistat,
359 815 440 892 quod
451 818 482 874 in
492 816 702 875 aetuseoundo
712 815 900 875 combinetur
913 833 974 873 non
1063 876 1065 883 ,

126 913 194 951 curn
209 894 346 953 omnibus
359 896 418 955 illis
431 896 653 975 praerequisitis.
1044 916 1049 921 ·

169 974 252 1033 Hinc
266 973 380 1047 dicunt,
408 977 540 1055 quodod
553 977 722 1036 libertatem
744 974 916 1113 requiratur
935 972 1048 1034 simulne

127 1055 268 1132 potentie
281 1055 319 1114 ad
331 1067 494 1135 utrumque
508 1069 718 1126 extremorum,
742 1076 773 1116 se
807 1075 869 1115 non
882 1053 1047 1137 potentiosi·¹

129 1134 282 1208 multotis5
304 1137 335 1195 id
349 1148 404 1210 est,
418 1139 456 1197 ad
468 1138 637 1197 libertatem
649 1135 822 1215 requiritur,
845 1147 881 1195 ut
895 1135 982 1196 simul
994 1132 1049 1193 iusi
1067 1148 1070 1153 '

130 1216 264 1291 potentia
277 1217 315 1276 ad
328 1228 492 1297 utrumque
505 1229 715 1287 extremorum,
731 1217 783 1276 sed
795 1236 868 1287 non,
882 1215 998 1292 utiusit
1007 1222 1047 1295 po

129 1295 222 1354 tentia
235 1296 372 1370 faciendi,
395 1311 429 1358 ut
442 1310 605 1377 utrumque
620 1295 708 1356 simul
722 1299 837 1357 existat.

119 1440 122 1445 ‚
171 1376 250 1450 Quis
262 1378 371 1438 dieitur
384 1400 448 1440 esse
459 1400 561 1439 sensus
575 1377 766 1456 compositus,
787 1377 855 1456 quis
868 1376 1003 1436 divisos?

172 1456 224 1516 IV.
249 1461 283 1517 R.
311 1461 420 1519 Sensus
442 1460 652 1540 propositionis
670 1459 850 1537 compositus
864 1457 985 1528 dieitur,
1003 1476 1055 1535 quo-

129 1535 196 1596 duae
210 1540 312 1599 formae
325 1561 380 1618 per
393 1552 555 1619 utrumque
571 1538 781 1619 propositionis
794 1549 962 1598 extremum
975 1535 1048 1616 sigui·

60 1688 65 1698 ὓ
131 1617 224 1677 fioatoe
237 1619 325 1678 simui
339 1632 559 1700 componuntur
574 1622 606 1680 in
620 1620 723 1679 eodem
739 1619 875 1698 subjecto
900 1618 1052 1677 denomino·

129 1697 219 1757 tionis
223 1723 234 1769 ;
246 1701 288 1760 sic
297 1699 389 1779 hujus
397 1701 620 1781 propositionis:
635 1708 741 1759 “stans
750 1710 850 1778 potest
860 1697 991 1764 sedere.”
1003 1716 1054 1757 seo·

132 1798 182 1837 sus
197 1781 374 1858 compositos
395 1792 440 1842 est
464 1782 535 1842 hic:
558 1781 702 1861 possibile
720 1791 774 1851 est,
796 1779 877 1859 quod
891 1791 972 1838 stans
984 1774 1054 1838 omui

132 1858 235 1919 eodem
250 1871 384 1942 ternpore
405 1863 515 1934 sedeat,
537 1864 600 1922 sive
612 1859 754 1940 possibile
768 1873 823 1931 est,
846 1859 930 1939 quod
944 1859 1023 1919 statio
1032 1868 1055 1915 et

132 1940 223 1999 sessio
237 1942 297 2000 sint
310 1943 399 2002 simui
412 1944 443 2001 in
458 1944 574 2014 eodem,
585 1953 616 2002 et
625 1944 669 2000 ito
680 1942 710 1999 in
726 1961 814 2000 sensu
826 1939 993 2019 composito
1000 1942 1070 2018 pros

130 2021 239 2099 positio
253 2022 304 2080 illa
317 2023 391 2082 falsa
405 2034 457 2083 est.
873 2035 879 2047 “

172 2101 208 2159 V.
242 2103 351 2162 Sensus
366 2104 479 2164 divisus
493 2117 546 2175 est,
570 2124 630 2182 quo
645 2102 712 2161 duae
725 2102 827 2161 iormae
840 2121 896 2180 per
908 2111 1057 2178 utrumque

129 2183 340 2262 propositionis
367 2196 533 2243 extremum
561 2183 742 2262 significatur,
768 2200 829 2240 non
854 2190 1059 2259 componuntur

132 2261 220 2320 simul
234 2264 265 2320 in
279 2263 383 2322 eodem
399 2266 542 2343 subjecto,
558 2263 611 2323 sed
622 2264 807 2340 significatur
821 2281 889 2320 eum
901 2262 966 2321 uni
977 2261 1059 2319 inni

132 2342 267 2421 subjecto
288 2344 383 2403 inesse
396 2347 560 2422 potentiam
575 2345 612 2402 ad
626 2344 712 2402 aliam
726 2344 868 2400 formam:
893 2351 925 2400 et
939 2342 981 2401 its
993 2341 1060 2421 ejus·

132 2421 200 2481 dem
211 2425 430 2502 propositionis,
453 2433 474 2460 “
488 2438 567 2485 stans
581 2434 680 2503 potest
694 2423 824 2493 sedere‚”
845 2440 950 2481 sensus
961 2422 1061 2481 divisus

131 2513 190 2563 est:
215 2515 305 2575 stans,
325 2515 459 2584 tempore
473 2527 533 2584 quo
555 2517 620 2574 stat,
641 2504 732 2563 habet
745 2515 776 2562 et
789 2502 897 2562 retinet
909 2502 1061 2582 potentium

131 2584 170 2643 ad
184 2585 362 2656 sedendum,
381 2598 410 2645 et
424 2587 465 2646 sic
477 2586 646 2664 propositio·
656 2603 726 2642 vera
739 2595 793 2642 est

175 2666 255 2723 Noto
276 2668 362 2737 bene,
383 2666 464 2745 quod
478 2687 581 2726 sensus
595 2665 709 2723 diuisus
730 2663 935 2723 Thomistious
948 2662 1020 2721 maii
1032 2660 1062 2719 ab

132 2743 282 2821 aliquibus
300 2754 471 2824 ‘exponatur
492 2747 550 2805 hoc
573 2746 681 2804 modo:
701 2744 765 2803 fieri
776 2755 887 2822 potest,
907 2754 943 2802 ut
961 2749 981 2776 “
994 2753 1063 2803 stem

134 2832 154 2857 “
167 2824 269 2884 relicto
294 2831 422 2886 statione
455 2826 571 2887 sedeate
598 2827 678 2885 'curn
702 2836 782 2885 stans
797 2833 936 2883 manente
951 2822 1063 2882 statione

135 2924 235 2964 veram
249 2906 356 2965 habeat
369 2907 408 2966 od
421 2906 586 2966 sedendum
600 2904 771 2984 potentiam.

174 2985 230 3043 VI.
247 2986 342 3045 Simili
351 2986 439 3048 modo
446 2987 521 3046 male
537 2986 656 3058 dicitur,
671 2985 751 3066 quod
764 2985 854 3043 homo
867 2992 967 3043 motus
977 2986 993 3042 i
1005 3000 1064 3061 grt-

135 3067 176 3125 tio
189 3085 244 3144 per
258 3086 288 3124 se
303 3067 411 3125 efficaci
423 3067 461 3127 ad
474 3079 584 3137 actum,
597 3068 692 3145 possit
702 3085 762 3125 non
782 3083 881 3143 agere,
895 3062 994 3123 oblati
1006 3080 1064 3157 gn-

109 3208 112 3212 ,
133 3146 196 3219 sit,·
224 3147 335 3205 etenim
356 3147 447 3206 homo
467 3159 565 3206 motus
587 3147 625 3206 ad
647 3159 747 3206 actum
767 3165 821 3224 per
835 3145 923 3204 istam
936 3153 1065 3223 gratim,

135 3238 231 3287 stante
244 3228 352 3305 gratii,
366 3248 418 3286 seu
429 3227 460 3288 in
468 3247 556 3289 sensu
568 3229 731 3306 composito
741 3225 853 3304 gratie,
867 3223 961 3284 habet
971 3233 1069 3304 poten·

135 3309 207 3367 tiam
221 3308 260 3367 od
273 3328 332 3366 non
346 3320 456 3377 actum,
470 3309 512 3366 ita
520 3319 555 3367 ut
567 3309 662 3386 gratia
675 3318 706 3366 et
713 3306 847 3386 potentio
856 3304 895 3363 ad
901 3324 966 3365 non
975 3314 1069 3365 uotum

135 3389 224 3448 simul
238 3389 463 3448 combinentur:
478 3388 548 3447 aliis
557 3389 636 3447 enirn
647 3396 830 3466 sequeretur,
844 3385 966 3464 quidin
975 3401 1069 3443 exem·

134 3469 186 3547 plo
196 3470 391 3548 supraposito
401 3481 481 3528 stans
490 3468 683 3527 nonhaberet
692 3468 858 3526 libertatem
867 3464 993 3525 sedendi
999 3474 1070 3524 tem-

134 3570 207 3627 pore
218 3571 278 3630 quo
288 3561 355 3614 stat,
370 3551 422 3608 sed
432 3547 526 3608 solim
537 3549 662 3608 statione
671 3549 774 3608 relictt
786 3557 838 3618 ;et
845 3545 981 3606 similiter
1015 3538 1070 3603 uod

135 3649 227 3708 agens
252 3631 308 3689 sub
331 3630 428 3708 gratii
451 3629 561 3690 efficaci
581 3648 641 3688 non
658 3629 752 3688 liberi
773 3636 886 3705 ageret,
905 3627 960 3686 sed
982 3625 1070 3685 roim

126 3711 224 3772 libere
236 3722 360 3771 aeturus
373 3722 463 3783 esset,
478 3710 577 3770 obiott
591 3709 698 3790 grotit,
710 3729 769 3787 que
782 3719 852 3766 sunt
864 3707 1001 3767 absurda.

164 3795 253 3854 Hine
265 3806 353 3874 patet
368 3794 485 3856 solutio
499 3793 539 3854 od
553 3809 685 3871 sequens
695 3797 931 3865 argumentum
