2152 4066
311 311 756 451 uuucuuuus

520 525 644 592 ου’

249 670 504 765 ‘nonnus
541 699 803 766 nonnum.

402 971 622 1048 QUAESTIO
645 972 674 1034 l.

210 1143 268 1203 DE
291 1139 497 1201 ESSENTIA
517 1141 656 1202 ACTUS
678 1142 869 1202 HUMANI.

112 1376 152 1470 u.
170 1415 197 1469 1.
225 1405 283 1464 uu
305 1407 597 1466 unriurrrouu
619 1406 755 1468 Aenus
778 1407 968 1470 nunaut

338 1565 369 1626 S.
389 1565 484 1624 Tuom.
497 1575 593 1643 quoest.
605 1573 629 1624 1.
644 1544 699 1626 ort‘.
717 1577 742 1626 1.

69 1728 93 1785 l.
114 1725 252 1799 Definitio
271 1723 350 1783 acido
363 1724 487 1782 humani.
535 1725 576 1783 ll.
599 1724 772 1782 Deliberolio
797 1722 910 1800 duplex.
947 1725 1000 1791 ΙΙΙ,

109 1804 175 1863 Non
189 1805 277 1864 omnio
298 1812 379 1862 noluo
401 1803 523 1863 hominio
542 1812 582 1862 est
605 1803 742 1875 humanus
793 1803 848 1863 lV.
869 1802 915 1860 An
929 1811 1004 1867 octar·¹

107 1883 210 1941 omorio
237 1882 359 1956 beatifici
384 1883 422 1940 eit
444 1885 591 1942 humonuu.
632 1883 668 1942 V.
691 1883 780 1941 Actus
802 1883 942 1941 humanus
959 1884 1003 1945 illel

107 1970 157 2031 eut,
166 1963 248 2037 cujus
260 1963 338 2020 homo
350 1970 390 2020 cot
404 1961 552 2022 Dominus.
589 1964 643 2022 VI.
658 1962 771 2022 Divisio
784 1959 864 2020 cottia
883 1956 1004 2045 homouf'

109 2106 220 2180 QUID
235 2117 280 2163 est
287 2116 370 2164 actus
383 2105 553 2166 humanus?

110 2189 135 2246 I
151 2188 185 2245 R.
201 2187 255 2244 Est
269 2196 352 2244 actus
366 2206 418 2263 qur
409 2187 595 2281 procedit
582 2210 598 2245 a
611 2187 764 2246 voluntate
777 2185 907 2244 hominis
932 2185 1004 2245 deli·

69 2272 182 2334 berati,
197 2285 248 2323 seu
259 2266 374 2343 judicio
393 2266 514 2324 rationis
528 2267 648 2326 directa.
1002 2290 1004 2297 ·

112 2348 153 2407 11.
174 2345 358 2404 Deliberatio
371 2345 484 2423 duplex
497 2359 552 2418 est,
576 2348 709 2406 formalis
719 2357 749 2405 et
763 2345 994 2424 interpretativa.

68 2427 199 2490 formalis
213 2435 267 2496 est,
283 2426 355 2483 dum
368 2447 452 2486 mens
459 2428 614 2486 actualiter
621 2427 739 2505 judicat
752 2447 803 2486 seu
814 2426 958 2485 deliberat
965 2427 995 2486 de

70 2509 184 2569 actione
197 2507 296 2582 aliqui
311 2506 449 2584 ponendi
463 2508 512 2566 vel
526 2508 689 2567 omittendi
702 2527 769 2567 cum
784 2505 939 2565 sufficienti
958 2505 997 2567 lu·

68 2591 148 2648 mine
161 2587 292 2657 rationis,
319 2587 358 2644 ad
377 2587 606 2646 discernendum
629 2589 707 2646 inter
727 2589 839 2645 bonum
853 2597 883 2644 et
896 2585 999 2650 malurn

68 2668 190 2736 morale;
204 2667 427 2744 interpretativa
440 2679 495 2737 est,
509 2668 582 2726 dum
596 2687 679 2728 mens
693 2667 735 2726 ita
747 2675 863 2746 poterut
872 2676 904 2726 et
917 2666 1000 2727 debe·

70 2751 123 2808 bat
136 2747 309 2805 deliberare.

111 2831 186 2889 Utra
200 2827 308 2884 exiliis
322 2826 585 2886 deliberationibus
605 2827 768 2906 requiritur
785 2826 824 2886 ud
836 2838 938 2886 actum
949 2827 1000 2886 bu·

70 2911 213 2969 manum?

111 2990 145 3047 R.
174 2987 328 3046 Alterutra
345 2986 472 3057 ¹sufficit,
496 2989 587 3046 etita
613 2988 698 3058 illud,
723 2988 804 3066 quod
817 2987 953 3065 procedit
970 3009 1002 3047 ex

67 3068 233 3148 ignorantii
246 3067 294 3123 vel
316 3067 531 3128 inadvertentii
553 3069 697 3140 vincibili,
725 3079 823 3148 potest
846 3086 912 3127 esse
924 3079 1002 3128 actua

66 3154 223 3210 humanus,

107 3229 198 3304 Qudd
212 3228 237 3285 ei
251 3238 355 3284 neutra
369 3227 543 3287 deliberatio
560 3229 647 3298 adsit,
662 3239 745 3286 actus
758 3248 818 3286 non
832 3228 889 3287 erit
902 3228 1004 3287 huma·

65 3334 141 3382 nue;
155 3310 225 3368 hinc
235 3318 333 3364 motus
344 3307 438 3384 primo
452 3309 551 3384 primi,
577 3309 695 3367 fricatio
710 3309 809 3368 barbae
824 3309 888 3367 sine
901 3308 1004 3368 adver·

67 3393 169 3458 tendi,
181 3399 238 3447 etc.
253 3408 312 3444 non
324 3399 393 3446 sunt
405 3401 488 3448 actus
501 3389 631 3448 humani.

107 3470 248 3530 Similiter
261 3470 390 3526 actiones
411 3471 572 3527 amentium
599 3481 628 3527 et
650 3487 826 3561 puerorum
835 3480 905 3528 ante
919 3489 1004 3528 usum

64 3551 185 3620 rationis
199 3569 260 3607 non
273 3559 342 3606 suut
355 3560 438 3608 actus
449 3549 590 3607 humaui.
583 3551 676 3627 ·quiu
689 3569 749 3606 non
763 3561 808 3607 est
818 3550 850 3606 in
859 3561 1004 3627 potestate

62 3645 195 3722 ipsorutn
211 3650 260 3688 eos
275 3648 421 3697 exercere,
451 3630 497 3686 vel
512 3651 571 3687 non
583 3651 650 3688 exer
653 3650 719 3688 cere
734 3631 789 3687 sub
805 3630 920 3689 ratione
935 3629 1004 3690 boni

63 3719 111 3784 vel
126 3711 193 3769 mali
206 3709 332 3767 morulis

87 3795 154 3858 ΙΙΙ.
185 3793 234 3851 Ex
261 3790 350 3850 dictis
373 3800 457 3871 patet
482 3810 702 3871 magnurnease
715 3789 1000 3850 differentiaminter
