2152 4066
479 114 677 165 TRACTATUS

103 258 227 329 oriatm,
238 267 304 351 tum
318 258 389 336 quia
400 258 492 353 facile,
499 260 611 336 gaudio
625 279 657 352 se
668 260 817 353 immiscet
830 261 943 339 aliquit
952 264 1039 340 prava
1067 304 1076 354 Ι

105 339 269 419 ¹voluptatis
282 338 415 399 affectus.
456 341 534 398 Vide
548 342 679 399 Cenoma
702 340 755 402 hb.
771 352 798 403 8.
813 342 848 400 in
861 342 969 402 Deeal.
983 345 1041 407 diae
1068 362 1076 434 j

104 428 136 505 ’2.
148 427 420 569 llirldbonsulitur,
435 512 469 558 ut
479 521 594 578 semper
603 511 671 578 post
681 500 792 560 similes
803 504 889 561 actim
899 502 1042 584 inculpati
1066 464 1076 594 1

106 581 219 659 poeitos
232 579 366 639 eliciatur
377 581 564 658 displicentia
573 582 744 653 voluntatis,
754 593 789 642 ut
801 583 845 657 ¹sic
858 586 958 644 omnis
970 591 1045 664 pravi

106 661 231 726 affectus
245 661 421 721 excludatur
432 662 554 721 occasio.

148 745 201 801 An
213 742 294 803 licita
307 752 352 800 est
361 741 519 800 delectatio
533 742 571 800 de
582 762 672 820 opere
686 743 748 801 sola
763 743 833 821 lege
842 745 976 822 positivt
985 766 1045 825 pro·
1070 786 1076 836 Ι

105 823 213 894 hibito,
229 823 312 901 quod
325 823 388 881 sine
402 822 490 900 culpa
503 834 547 882 est
561 823 702 901 positum,
724 844 753 883 v.
768 844 797 902 g.
824 824 863 882 de
876 826 1045 906 inculpabili
1070 839 1076 915 ᾗ

106 925 160 964 esu
175 904 308 963 carnium
322 903 371 961 die
377 904 508 982 jejunii?

150 986 204 1042 lV.
221 985 256 1042 R.
272 983 393 1061 Sylvius
407 995 437 1042 et
452 984 598 1043 Daelman
611 983 803 1057 affirmative3
829 989 862 1044 eb
880 988 965 1065 quod
979 1008 1046 1067 opos
1072 1005 1076 1012 ·

107 1065 185 1125 illud
199 1064 361 1123 seeundrim
375 1085 406 1123 se
420 1065 458 1122 sit
470 1065 595 1134 licitum,
606 1064 740 1143 adeoque
753 1067 908 1145 objectum
922 1069 991 1128 talia
1002 1070 1046 1129 de-

107 1144 274 1205 lectationis
287 1146 395 1202 nonsit
408 1145 529 1202 malum.
867 1188 869 1192 ,

149 1225 395 1286 salmanticenses
416 1224 605 1302 distinguunt
624 1224 683 1284 hoe
702 1226 810 1286 modo:
832 1228 865 1286 Si
887 1249 966 1306 opus
978 1231 1046 1290 illud

108 1304 270 1384 nequidem
283 1305 474 1365 materialiter
487 1305 578 1364 fuerit
592 1317 695 1365 contra
708 1307 816 1385 legem,
831 1329 860 1367 v.
871 1330 905 1387 g.
919 1311 992 1387 quia
1000 1332 1046 1389 per

109 1387 358 1466 dispensationem
378 1398 431 1445 aut
451 1387 537 1445 aliter
559 1404 651 1463 agens
675 1398 739 1446 erat
751 1389 770 1446 d
783 1387 851 1466 lege
874 1403 1046 1469 exemptum

110 1479 183 1527 tunc
198 1467 354 1526 delectatio
368 1487 428 1525 non
443 1477 505 1524 erat
520 1467 636 1537 illicita,

151 1548 222 1618 Sed,
236 1549 261 1607 ai
275 1568 350 1625 opus
364 1548 455 1607 fuerit
465 1547 656 1605 materialiter
666 1556 770 1605 contra
778 1547 888 1626 legem,
900 1551 1046 1631 solquue

109 1631 126 1686 a
140 1639 265 1708 peccato
277 1638 436 1687 excusetur
446 1630 485 1686 ob
499 1628 664 1685 naturalem
678 1627 930 1689 inadvertentiam
943 1645 996 1690 aut
1006 1635 1045 1711 ig·

107 1711 285 1781 norantiam,
299 1719 373 1769 tunc
386 1708 542 1767 delectatio
556 1708 594 1766 de
607 1707 659 1766 tali
670 1727 759 1784 opere
773 1709 830 1768 erit
841 1708 971 1784 illicita3
984 1715 1045 1791 quie
1071 1770 1073 1781 ,

111 1791 272 1849 deliberate
286 1790 462 1847 terminatur
475 1790 513 1847 ad
523 1788 645 1866 aliquod
658 1789 807 1866 objectum
822 1790 945 1852 malum.

129 1871 275 1948 ,Excipe
303 1871 361 1927 nisi
385 1870 573 1927 abstrahatur
596 1871 613 1925 a
632 1867 836 1947 prohibitione
859 1871 950 1948 juxta
976 1872 1042 1935 dicta
1070 1905 1076 1916 ·

109 1954 202 2013 Num.
224 1951 352 2028 praeeed.
373 1961 425 2009 aut
445 1950 603 2008 delectatio
622 1950 698 2008 forte
719 1951 830 2008 tantum
845 1955 885 2009 sit
898 1953 937 2012 de
951 1973 1040 2032 sapore
1058 1949 1068 2007 d

111 2034 245 2093 ciborum
255 2032 286 2088 in
297 2033 516 2107 abstractaque
525 2051 594 2088 casu
599 2030 651 2088 illa
660 2028 775 2087 tannim
786 2043 863 2090 esset
874 2034 936 2091 “de
944 2036 1040 2092 modo”
1059 2028 1071 2081 :l

107 2114 196 2191 juxta
206 2113 285 2170 dicta
302 2115 393 2170 Num.
418 2120 483 2177 117.
498 2112 553 2168 hac
566 2111 679 2169 ratione
697 2109 715 2168 a
736 2112 857 2170 mortali
870 2114 975 2173 eximit
988 2116 1040 2174 Van
1059 2127 1071 2163 -r

113 2198 178 2270 Roy
194 2213 271 2259 eum,
287 2193 339 2268 qui
354 2191 518 2249 delectatur
541 2192 578 2248 de
592 2211 696 2269 sapore
710 2192 782 2262 vini,
803 2213 864 2270 quo
879 2195 978 2272 pridie
996 2197 1040 2255 fuit
1059 2198 1072 2242 Ε

110 2275 282 2341 inebriatus,
296 2292 355 2328 non
370 2273 408 2329 de
423 2274 486 2349 ipsa
500 2273 651 2331 ebrietate.
1060 2260 1071 2343 ΙΕ

1061 2360 1072 2391 la

111 2439 149 2495 N.
167 2443 231 2493 120.
276 2435 333 2491 DE
351 2433 691 2492 DELECTATIONE
707 2432 832 2492 CIRCA
848 2438 960 2496 OPUS
977 2437 1040 2494 Mn.
1063 2428 1073 2485 ³⁴³

209 2517 302 2575 LUM
326 2515 522 2571 PROPTER
537 2514 769 2573 EFFECTUM
785 2517 955 2576 BONUM.
1064 2528 1075 2657 ἶ

85 2695 87 2699 ’
112 2681 136 2736 Ι.
154 2677 254 2739 errlis
267 2676 303 2733 cit
319 2673 462 2730 delectatio
483 2676 517 2732 de
536 2694 618 2752 opere
637 2674 710 2732 mule
737 2677 769 2734 ob
793 2674 925 2753 effectum
947 2679 1043 2736 bonna
1070 2697 1076 2716 ¹=

150 2759 192 2814 II.
209 2753 416 2832 Propon-itiones
435 2753 583 2811 damnatur.
627 2754 687 2813 Ill.
716 2754 874 2813 Delectaiio
897 2754 939 2816 de'
956 2756 1043 2834 effectu

150 2837 217 2893 dono
229 2834 365 2891 estlieile.
1073 2861 1074 2873 π

106 3080 128 3136 b
152 3001 209 3055 AN
226 2996 307 3055 licita
321 3003 367 3052 est
376 2993 532 3052 delectatio
542 2995 580 3052 de
591 3016 680 3073 opere
689 2996 767 3055 malo
780 3007 905 3075 propter
915 2996 1044 3056 effectum
1075 3041 1076 3085 p

231 3084 242 3124 e

131 3099 337 3220 Ollillffiuxta
349 3154 577 3234 distinctionem
595 3156 686 3215 Num.
715 3165 779 3217 118.
801 3157 919 3217 datarur
947 3158 1046 3237 siquis

110 3239 275 3299 delectetur
289 3239 327 3295 de
341 3255 430 3314 opere
445 3236 505 3294 sold
528 3238 595 3314 lege
614 3238 747 3314 posstivb
761 3237 914 3316 prohibito
928 3250 1046 3317 propter

111 3319 247 3379 effectum
274 3322 385 3378 bonum
407 3318 477 3376 inde
501 3330 682 3394 sequentem,
698 3317 854 3377 delectatio
878 3332 978 3396 potest
991 3338 1048 3378 esee

101 3403 198 3470 licita,
212 3404 235 3460 si
250 3421 358 3476 nempe
373 3403 387 3457 ri
401 3399 601 3476 prohibitione
616 3400 821 3457 abstrahatur:
841 3400 884 3457 ita
896 3400 980 3459 licita
991 3418 1048 3459 ease

107 3494 206 3560 potest
220 3482 376 3541 delectatio
391 3480 439 3537 die
450 3500 501 3537 esu
511 3480 645 3537 carnium
660 3481 708 3538 die
718 3480 827 3559 jejunii
840 3490 967 3559 propter
976 3482 1047 3540 sani·

107 3574 261 3704 tateSinderb
271 3641 427 3700 delectatio
438 3640 480 3699 sic
494 3641 531 3697 de
542 3661 631 3717 opere
642 3651 754 3699 autaut
764 3641 1049 3717 objectointrineeci

99 3729 191 3799 malo,
209 3746 370 3806 nunquam
386 3735 433 3783 est
443 3723 541 3792 licita,
549 3721 772 3778 etiamsibatob
782 3721 1061 3788 mmmmm,

88 3832 122 3869 ra
127 3813 173 3871 tio
181 3822 229 3871 est
241 3811 330 3891 quod
343 3806 562 3869 delectationis
573 3802 731 3879 ob'qectum
735 3807 861 3852 maneat
870 3796 1043 3857 eamdam

78 3895 219 3969 malum,
239 3895 369 3956 etiamsi
379 3887 632 3953 effectusbonus
642 3886 792 3953 sequatur
806 3870 1068 3942 abraamem
