2160 4072
299 39 354 91 Ν.
365 39 406 92 ³⁰.
426 39 481 91 Pro
494 53 584 109 poena
600 39 647 93 vel
657 39 763 91 efl'ectu
778 39 902 109 peccati,
919 46 954 92 ut
968 39 1065 93 Levit„

176 156 179 177 .
258 132 286 170 v.
296 121 345 174 20.
362 121 383 148 “
399 114 564 176 Portubunt
578 115 666 174 ambo
676 124 831 190 peccatum
853 117 969 172 suum.”

298 193 336 249 V.
351 193 394 258 4⁰.
411 195 469 252 Pro
484 204 622 270 utroque,
630 214 736 272 nempe
746 215 801 271 pro
810 214 898 253 causa
906 204 938 252 et
952 195 1059 254 effectu
1079 227 1080 265 ι

256 273 313 332 hoc
328 294 416 333 sensu
442 276 480 333 ab
505 274 652 350 Apostolo
676 275 916 351 concupiscentia
935 288 1073 353 peccatu·

256 354 345 425 latur,
374 355 412 413 ad
424 356 507 414 Rom.
524 374 586 431 cap.
600 362 627 422 7.
640 376 669 414 ν.
695 364 740 421 17.
763 363 784 388 “
795 355 886 426 Quod
900 356 1016 414 habitat
1033 358 1062 414 in

256 442 384 497 “catum
397 440 425 506 ;''
446 456 513 513 quae
526 436 617 495 verba
630 436 672 495 ita
685 435 897 512 interpretatur
911 437 1027 496 Concil.
1044 439 1068 496 T

256 524 285 574 5.
334 523 354 551 “
369 516 646 592 concupiscentiam
673 516 835 594 aliquando
862 518 1028 594 Apostolus
1076 543 1080 567 ι

256 604 277 629 “
287 596 532 674 appellat...quia
545 617 581 654 ex
589 608 713 673 peceato
724 608 777 660 eut,
789 606 819 654 et
832 596 871 654 ad
886 608 1041 674 peccatum
1055 619 1077 654 ιι

296 678 333 734 V.
345 677 388 736 5⁰.
404 676 525 752 Propri&
535 689 691 753 peccatum
706 678 833 738 sumitur
846 697 903 754 pro
916 689 1079 755 transgress

255 757 311 834 gis,
335 777 387 814 seu
401 755 580 834 pro-offensa
595 757 663 827 Dei,
679 769 714 816 ut
733 768 755 816 1.
780 760 867 818 Joan.
883 779 948 836 cap.
964 768 991 818 3.
1008 780 1036 817 v.
1050 768 1076 818 4.

256 844 277 870 “
291 849 390 899 catum
409 847 455 897 est
468 836 610 914 iniquitas
621 861 631 909 ;
646 842 663 862 ''
691 838 748 897 hoc
760 838 850 897 modo
867 838 1019 898 ordinan'b
1033 860 1078 898 su·

256 919 412 999 Scriptura
426 919 526 988 Sacra,
540 929 571 979 et
585 919 623 979 de
638 938 673 979 eo
688 919 749 976 solo
769 917 819 977 hic
832 918 942 994 agitur.

356 1081 396 1138 N.
418 1087 464 1140 88.
508 1081 566 1140 DE
589 1080 887 1138 DENINITIONE
912 1079 1072 1141 PECCAT

522 1239 554 1298 S.
570 1240 666 1300 Thou.
682 1248 778 1318 quaeut.
791 1249 816 1299 1.
830 1247 888 1300 rat.
908 1237 937 1299 6,
1010 1248 1013 1252 ’

258 1395 433 1474 IDtfim'tia
452 1398 564 1479 pcccati
616 1399 660 1459 ΙΙ.
680 1396 859 1475 Explicatur.
908 1400 968 1459 ΙΙΙ.
1000 1399 1071 1458 Uim

484 1478 643 1559 prehendat
656 1489 799 1555 peccatum
819 1476 946 1555 original
961 1521 968 1534 .

254 1880 385 1954 August.
409 1879 463 1937 lib.
487 1845 542 1940 22:
560 1890 662 1937 contra
677 1880 822 1936 Faustum
847 1899 910 1956 cap.
939 1888 988 1946 27.
1013 1881 1075 1937 def

255 1958 362 2015 Thom.
375 1970 428 2015 art.
446 1960 473 2014 6.
482 1971 517 2014 ut
531 1959 704 2014 leuitimam.
733 1971 763 2014 et
775 1959 972 2015 communiter
987 1961 1080 2014 Theo
