2160 4072
278 118 283 125 ·
342 62 522 152 :masuras
759 75 760 79 ’
846 73 913 156 tm

43 266 79 322 m,
100 248 208 329 sapius
238 248 424 312 voluntatem
447 253 577 322 reiterat,
601 250 701 330 ipsum
724 253 907 330 aggreditur,

43 342 112 402 ierat,
125 330 293 391 notandam
301 332 421 402 occidit,
436 353 530 392 unum
541 331 655 391 tantum
665 349 791 391 numero
803 352 910 411 pecca.

45 411 210 482 committit,
220 411 355 470 similiter
365 413 417 491 qui
426 413 526 472 animo
533 411 700 471 fornicandi
708 411 839 489 puellam
852 414 908 472 im-

43 493 74 551 ἰοὲ
96 491 209 569 aspicit,
231 492 391 565 oseulatur,
418 492 524 568 tangit,
553 491 716 551 ettandem
731 491 907 564 fornicatur,

43 592 62 630 n
74 571 187 631 tantdm
200 582 355 650 peccatum
366 574 536 632 committit.
579 571 663 630 Idem
678 581 724 631 est
733 572 772 631 de
787 593 831 643 eo,
857 577 910 652 qui

43 672 94 710 rem
109 672 146 710 ex
159 651 264 711 eodem
273 653 324 711 irae
337 654 452 732 impetu
463 663 569 731 quater
576 662 628 712 aut
640 652 800 731 quinquies
813 653 912 713 furem

43 732 106 796 dm

53 823 150 871 autem
161 812 206 871 ilii
214 824 298 873 aetus
311 813 369 875 sint
381 813 413 870 in
422 814 540 874 diversa
553 814 653 892 specie
663 813 743 884 mali,
771 824 844 873 tunc
856 815 909 874 ha-

52 893 193 952 malitiam
208 893 306 972 specie
317 893 485 953 distinctam
495 897 513 953 ia
525 893 639 953 malitia
648 894 747 972 operis
759 893 910 974 principa.

43 973 120 1031 unde
134 975 159 1030 si
172 975 240 1051 quis
249 993 306 1052 ope
319 973 461 1034 daemonis
469 984 521 1033 aut
528 974 640 1052 philtro
654 975 798 1034 amatorio
812 987 910 1035 utere·

43 1054 68 1111 id
78 1053 296 1124 ferdinandum,
311 1056 506 1113 committeret
516 1056 603 1133 plura
612 1055 840 1133 peccataspecie
849 1055 910 1113 dis·

43 1154 136 1198 asera
157 1136 253 1212 potius
280 1134 478 1194 committeret
501 1154 596 1193 unum
618 1144 775 1211 peccatum
798 1135 911 1194 habens

43 1234 68 1272 es
81 1213 209 1274 maiitias
223 1216 321 1293 specie
334 1215 496 1274 distinctas.

43 1314 56 1352 a
69 1314 144 1371 ergo
157 1315 258 1354 omnes
271 1306 355 1354 actus
385 1295 565 1354 raeoadentes
578 1313 639 1354 non
646 1293 816 1374 interrupti,
831 1307 862 1356 et
875 1317 912 1355 ex

43 1375 132 1433 itione
145 1375 275 1435 ordinati
288 1374 351 1435 adi
374 1396 421 1434 em
431 1394 524 1456 opum
538 1395 599 1435 non
613 1375 725 1434 debent
739 1377 865 1454 exprimi
880 1378 912 1435 in

43 1455 179 1515 sasione?

59 1537 253 1595 Nondebent
263 1537 390 1616 exprimi
399 1536 572 1607 distinctim,
586 1538 619 1596 ei)
632 1537 712 1616 quod
725 1537 795 1596 satie
811 1538 911 1616 expri-

43 1635 96 1686 :ur,
112 1635 250 1694 expresso
257 1636 348 1696 opere
357 1619 526 1695 principali,
540 1619 572 1676 in
583 1639 643 1695 qus
659 1637 798 1696 expresso
808 1618 911 1676 subin-

43 1706 146 1773 ‚runtur
160 1697 256 1755 media
266 1697 423 1769 ordinaria,
437 1718 492 1777 per
506 1698 640 1776 regulam
652 1702 699 1756 “i
715 1699 911 1757 communiter

43 1777 235 1836 uidentibus.’'
256 1777 351 1836 Aliud
364 1789 418 1850 est,
435 1780 459 1837 si
479 1778 617 1838 actusilli
632 1779 759 1837 fuissent
783 1790 913 1837 extraor-

43 1857 85 1927 rii,
97 1858 147 1916 vel
159 1857 276 1918 insolito
287 1858 384 1926 multi,
398 1870 451 1918 aut
464 1859 516 1918 diu
527 1859 700 1928 continuati,
714 1859 785 1917 item
801 1859 827 1916 si
837 1878 913 1937 opus

43 1937 134 2015 :ipale
147 1958 207 1996 non
221 1938 327 1997 fuisset
340 1950 486 1998 secutum.
521 1938 600 1996 Vide
611 1958 701 2015 supra
723 1941 763 1996 N.
778 1945 827 2005 78.
842 1938 913 1996 item

43 2039 61 2076 ι.
76 2025 125 2085 87.
153 2026 173 2054 “
182 2017 220 2076 de
235 2019 423 2078 Sacramento
439 2018 653 2077 Poenitentiae.”

43 2099 156 2158 sdictis
170 2098 331 2177 colligitur,
352 2100 500 2176 quomodo
515 2098 718 2158 Consesaarius
732 2099 916 2178 interrogare

43 2190 76 2237 at
88 2180 306 2257 paenitentiam,
325 2179 378 2257 qui
390 2199 418 2236 v.
432 2200 462 2257 g.
478 2181 645 2249 confitetur,
661 2180 799 2238 setribus
809 2179 915 2239 diebus

43 2261 118 2318 inuis
126 2260 195 2320 odio
207 2260 373 2338 proximum
389 2279 473 2319 suum
489 2260 581 2319 fuisse
594 2272 771 2319 aversatum

43 2340 143 2398 Confl’
157 2340 193 2398 1⁰.
218 2340 353 2418 Inquiret
376 2342 579 2418 apoenitente.
604 2341 691 2418 quale
705 2340 816 2399 malum
831 2350 915 2418 opta·

43 2441 47 2478 ;
59 2421 205 2498 proximo,
219 2441 258 2479 an
280 2429 418 2478 aternam
433 2421 662 2491 damnationem,
676 2441 714 2478 an
728 2418 833 2479 aliud?

43 2501 144 2560 Poen.”
166 2501 278 2580 Optavi
302 2501 518 2559 damnationem
551 2512 691 2559 artemam
715 2500 755 2558 ob
774 2499 915 2578 injuriam

43 2581 179 2641 ¹illatam.
385 2625 392 2633 .

43 2663 134 2722 eon.”
158 2662 284 2736 Quoties
295 2661 372 2720 illud
398 2661 498 2720 odium
513 2661 653 2740 prorupit
673 2661 705 2719 in
718 2670 803 2721 actus
817 2670 916 2719 exser-

43 2748 49 2778 t

47 2823 149 2881 Poens’
164 2824 233 2881 Non
245 2822 390 2902 prooessit
412 2821 452 2881 ad
474 2828 557 2881 actus
570 2831 719 2892 externos,
743 2817 798 2882 sed
815 2820 918 2880 odium

43 2907 122 2963 mero
143 2904 302 2966 internum.

43 2983 146 3042 confl’
173 2986 224 3043 An
237 2983 338 3044 odium
357 2983 416 3042 fuit
429 2991 622 3043 retractatum
632 2980 682 3041 vel
704 2981 918 3061 interruptum,

43 3065 156 3124 uoties?

48 3147 151 3204 Poen.”
167 3145 267 3203 Primo
279 3144 391 3223 disper
404 3143 554 3224 integrum
567 3144 628 3203 fert
637 3153 757 3220 tempus
765 3142 822 3201 ista
834 3161 918 3201 aver-

43 3224 118 3282 mihi
142 3226 419 3303 repraesentabatur,
447 3227 535 3303 eique
557 3224 723 3283 voluntario
749 3222 864 3291 inhaesi,
889 3231 921 3280 et

43 3315 111 3364 tum
124 3305 237 3365 malum
262 3307 339 3364 bene
358 3305 590 3383 quinquagesies
603 3304 745 3362 renovavi
756 3325 766 3374 ;
788 3301 920 3361 secundo
954 3309 959 3335 ⁸

43 3387 150 3446 =irciter
163 3405 218 3463 per
231 3386 362 3444 medium
373 3394 492 3462 tempus
505 3385 543 3442 de
554 3405 590 3443 eo
600 3383 729 3462 cogitavi
741 3388 772 3440 e't
780 3381 920 3441 affectum

43 3488 56 3525 u
69 3467 147 3526 forte
162 3466 289 3545 vigesies
302 3466 407 3524 iteravi
410 3488 420 3536 ,-
430 3467 519 3523 tertio
530 3464 579 3523 die
590 3465 646 3522 ista
657 3462 798 3540 cogitatio
808 3463 921 3520 tantiam

43 3547 183 3627 uagesies,
197 3547 267 3625 plus
277 3547 411 3605 minusve
424 3545 522 3616 rediit,
538 3546 587 3603 cui
601 3543 705 3603 inhaesi
726 3542 853 3620 singulis
875 3543 922 3601 vi-

43 3628 185 3686 sciscitor
198 3647 252 3704 per
266 3627 474 3705 quadrantem,
488 3627 536 3685 bis
548 3625 657 3684 iterum
666 3622 774 3683 reflexa
789 3623 925 3702 optando

45 3707 264 3766 damnationem
273 3731 287 3779 ;
308 3708 361 3766 sed
377 3705 505 3786 vesperi,
529 3716 697 3790 antequam
707 3704 944 3770 dacumtaeram,

43 3788 249 3845 irretractavr'.

43 3871 93 3920 act.
109 3865 301 3927 deposcatis.
409 3881 468 3938 213
