2160 4072
98 108 169 179 392
477 120 683 171 'reserastis

1072 236 1079 265 l

141 274 177 333 R.
192 272 271 350 Neg.
292 280 387 331 antec.
412 270 498 331 Licet
517 270 597 331 enim
618 270 668 330 lex
686 280 801 331 eterna
824 271 1026 349 apartereisi
1072 282 1079 293 ¹

100 353 248 414 contraria
261 352 319 420 isti,
341 351 422 430 quod
436 353 614 411 conscientia
626 372 751 411 erronea
774 350 890 410 dictat:
907 352 937 410 in
951 373 1028 431 appre

100 434 242 493 hensione
255 442 355 491 tamen
368 432 443 511 ejus,
457 434 508 509 qui
519 432 610 490 habet
617 431 708 491 talem
721 432 950 503 conscientiam,
964 433 1030 492 dicu
1063 478 1067 505 ,

101 514 192 583 idem,
206 513 288 590 quod
301 513 495 571 conscientia:
509 511 571 589 jam
582 521 680 571 autem
689 512 841 570 nonlicet
855 531 945 588 agere
953 524 1039 573 conta
1063 510 1071 535 ⁸

101 595 144 666 id,
158 593 240 672 quod
247 592 297 651 lex
306 603 414 651 eterna
427 592 539 650 dictare
546 591 784 669 apprehenditur
794 602 850 650 aut
861 591 1037 652 existimatur.
1074 604 1079 665 j

141 676 191 733 An
200 671 339 750 ergoille,
353 674 401 730 cui
415 672 592 731 conscientia
605 671 699 730 dictat
711 693 777 732 esse
789 673 997 751 pejerandum,
1014 685 1039 732 nt
1074 672 1079 690 ⁴

102 754 209 813 liberet
222 754 419 821 innocentem,
434 752 524 810 debet
536 752 694 830 pejerare?

145 836 179 892 R,
195 835 260 891 Nec
273 832 428 891 debetnec
447 843 544 911 potest
558 832 701 910 pejerare,
724 831 779 889 sed
794 832 892 891 debet
904 832 1038 912 deponere

100 912 321 974 conscientiam.
684 980 689 987 Ι

141 992 286 1066 Quisnam
301 1002 437 1051 censetur
450 1012 538 1070 agere
551 1002 654 1051 contra
674 991 912 1053 conscientiam?

144 1072 203 1130 ΙΙΙ.
221 1073 255 1129 ll.
267 1072 327 1145 Qui
342 1073 437 1132 sciens
449 1074 534 1150 ponit
546 1073 701 1139 actionem,
729 1091 821 1149 quam
832 1073 955 1151 judicat
967 1074 1040 1134 illici-

99 1165 173 1222 tam,
193 1152 263 1209 item
277 1152 338 1222 ille,
354 1155 407 1230 qui
430 1153 556 1223 dubitat,
584 1151 632 1211 vel
645 1153 695 1211 cui
718 1153 880 1230 probabile
894 1164 1040 1215 estactum

102 1252 189 1293 suum
202 1252 267 1290 esse
284 1231 430 1292 illicitum.

144 1312 315 1371 Notandum
329 1324 437 1383 tamen,
447 1313 536 1390 qudd‚
549 1324 583 1371 ut
597 1312 664 1390 quis
677 1323 834 1371 censeatur
844 1332 939 1390 agere
951 1324 1041 1375 conca

102 1393 319 1462 conscientiam,
343 1394 510 1469 requiratur
521 1409 555 1452 ut
568 1403 637 1470 agat
646 1405 749 1450 contra
757 1392 918 1461 ,dictamen
931 1395 1040 1455 rationis

104 1473 220 1533 actuale
229 1471 277 1530 vel
292 1472 437 1545 virtuale3
453 1474 566 1531 sienim
581 1472 648 1551 quis
659 1471 751 1530 solum
762 1475 864 1550 egerit
877 1486 983 1535 contra
993 1476 1038 1535 sci·

103 1552 212 1612 entiam
236 1551 417 1611 habitualem
439 1573 490 1611 seu
504 1573 541 1611 ex
554 1552 779 1619 inadvertentia‚
808 1552 884 1613 licat
898 1555 1038 1633 culpabili,

102 1632 189 1692 modo
203 1651 263 1689 uon
277 1632 317 1690 sit
328 1631 470 1703 affectata,
486 1633 533 1692 vel
554 1634 579 1691 si
592 1633 689 1709 egerit
700 1650 738 1689 ex
753 1632 846 1691 simili
872 1634 1038 1711 ignorantis,

101 1731 162 1772 non
170 1710 286 1770 dicetur
296 1712 391 1789 egisse
404 1724 507 1771 contra
519 1712 726 1772 conscientiam
738 1734 748 1784 ;
771 1713 914 1776 similiter
923 1735 980 1775 nec
997 1715 1039 1775 ille

103 1791 267 1853 censendus
277 1803 321 1849 est
334 1795 430 1869 egisse
439 1805 543 1851 contra
555 1791 774 1862 conscientiam,
788 1792 842 1870 qui
858 1805 930 1871 post
938 1796 1037 1856 sactum

101 1873 246 1941 anxiatur,
261 1892 298 1929 arr
311 1883 395 1930 actus
405 1872 496 1931 fuerit
508 1873 617 1944 licitus,
628 1892 716 1951 quem
726 1882 876 1950 tempore,
898 1895 961 1952 quo
980 1894 1037 1955 age·
1078 1926 1079 1933 ,

101 1956 162 2024 bat,
177 1952 290 2012 licitum
301 1951 463 2030 judicabat
1076 2008 1078 2014 ,

143 2033 196 2090 1v.
212 2033 380 2092 Observent
394 2034 579 2101 confessarii,
595 2032 833 2102 concionatores,
861 2034 973 2113 aliique
985 2036 1035 2093 ani·
1065 2044 1079 2093 ’ἴ

101 2132 217 2172 marum
229 2113 406 2183 Directnres,
420 2134 459 2172 ne
471 2126 638 2192 proponant
648 2125 787 2190 tanquam
802 2128 965 2192 praecepta,
980 2136 1034 2193 qua

102 2204 250 2274 praecepta
262 2212 321 2250 non
333 2206 410 2263 sunt,
426 2205 456 2252 et
466 2215 533 2271 quae
545 2197 656 2251 tantum
671 2205 740 2251 sunt
762 2194 893 2252 venialia
907 2207 1032 2274 tanquam
1063 2208 1069 2267 ᾗ

102 2272 233 2330 mortalia
247 2296 254 2329 ε
269 2292 306 2329 ne
319 2275 470 2350 praebeant
483 2273 665 2333 occasionem
679 2273 767 2331 alicui
782 2275 932 2351 peccandi
947 2287 1033 2336 contra
1064 2340 1075 2351 ᾗ

102 2354 318 2413 conscientiam.
1072 2370 1076 2379 ’

144 2433 313 2493 Observent
327 2433 414 2490 etiam
436 2434 622 2504 confessarii,
647 2443 682 2491 ut
695 2431 862 2508 prudenter·
887 2436 1031 2514 inquirant,
1065 2438 1078 2513 ,ξ

102 2515 173 2573 dum
187 2513 364 2589 poenitentes
374 2533 437 2572 sese
451 2524 589 2574 accusant
603 2513 640 2572 de
651 2513 840 2591 quibusdam,
864 2535 932 2594 qum
946 2535 1032 2575 revera
1065 2504 1079 2538 ¹

100 2602 222 2671 peccata
234 2613 295 2651 nou
309 2604 386 2663 sunt,
401 2595 499 2652 utrirm
512 2596 587 2653 forte
597 2614 658 2651 non
671 2592 855 2669 deliquerint
866 2608 1032 2654 contracon-
1067 2596 1075 2667 J

100 2673 253 2731 scientiam
266 2693 427 2743 erroneam,
435 2686 525 2752 prout
535 2675 712 2752 quandoque
721 2673 830 2731 accidit
844 2675 877 2732 in
891 2676 1032 2754 praeceptis
1069 2722 1079 2763 p

101 2753 242 2831 positivis
258 2763 288 2811 et
300 2755 397 2812 verbis
410 2755 589 2831 quibusdam
603 2755 676 2812 ruald
690 2755 875 2825 sonantibus,
892 2777 959 2834 quae
969 2758 1032 2815 exis·
1069 2754 1079 2823 i

102 2833 207 2892 timant
217 2832 384 2909 juramenta
397 2854 460 2893 esse
472 2847 524 2892 aut
538 2834 747 2911 blasphemias:
769 2853 797 2891 v.
812 2854 842 2911 g.
860 2837 885 2894 si
899 2838 1033 2912 poeniten
1074 2846 1078 2856 ⁴

102 2912 275 2973 confiteatur
289 2933 320 2970 se
340 2913 448 2972 dixisse
469 2923 490 2949 ‘⁴
503 2911 624 2992 begut,''
636 2923 718 2991 petet
732 2914 959 2986 confessarius:
980 2917 1032 2975 dir·
1073 2965 1079 2991 ,1

103 2993 190 3053 istinc
205 3000 224 3025 “
238 2993 386 3069 begod?”
405 2994 427 3052 si
437 2995 585 3071 poenitens
601 2993 796 3071 respondeat:
823 3014 888 3053 non
902 2996 966 3056 dixi
979 2997 1032 3063 hoc,
1072 3008 1077 3034 ³

100 3092 169 3133 nam
183 3071 240 3131 hoc
249 3083 295 3130 est
300 3072 412 3150 jurare,
426 3075 479 3133 sed
493 3075 583 3133 soliun
597 3074 660 3131 dixi
675 3075 797 3150 “begut
805 3096 815 3144 3
824 3077 842 3098 ''
864 3077 983 3153 signum
999 3086 1033 3135 est
1073 3062 1079 3095 ¹

102 3153 183 3232 qudd
196 3173 255 3211 non
270 3154 364 3229 egerit
378 3166 479 3212 contra
488 3154 704 3224 conscientiam,
716 3156 785 3211 cum
794 3155 867 3213 satis
882 3156 1032 3235 distinguat

101 3233 225 3294 verbum
235 3233 414 3313 juratorium
429 3236 444 3292 ὲ
457 3235 534 3295 male
549 3244 679 3304 sonante,
694 3243 724 3292 et
733 3235 897 3297 mutaverit
906 3236 1032 3305 litteram,

101 3335 139 3373 ne
148 3315 268 3392 juraret.

142 3396 172 3453 Si
183 3404 278 3452 autem
289 3394 341 3452 illa
354 3395 444 3452 verba
457 3394 563 3452 habeat
576 3414 633 3471 pro
645 3393 755 3452 eisdem
778 3405 829 3453 aut
842 3414 900 3471 pro
913 3398 1031 3474 requita-

99 3477 239 3543 lentibus,
254 3487 389 3533 censetur
402 3494 537 3551 peccasse
550 3487 652 3532 contra
666 3474 876 3533 conscientiam
893 3477 995 3535 eodem
1006 3493 1033 3533 ac
1069 3496 1072 3505 ·

96 3554 203 3631 aequali
218 3565 350 3633 peccato,
376 3558 463 3632 quim
478 3555 503 3612 si
517 3553 639 3612 dixisset
665 3561 684 3588 ‘⁴
696 3554 836 3633 begod:''
864 3556 934 3615 talis
947 3567 1033 3617 autem

96 3633 203 3697 instrui
227 3635 325 3706 debet,
351 3634 438 3693 nede
461 3645 567 3692 caetero
580 3646 681 3693 contra
694 3636 907 3694 conscientiam
922 3652 1034 3715 peccare

55 3788 59 3797 Ι
85 3728 210 3808 pergat.
258 3717 337 3778 Vide
363 3718 402 3776 N.
420 3723 488 3786 lssb.
509 3723 528 3748 “
545 3714 914 3788 aestumandum?
936 3720 1033 3774 Casum

111 3818 149 3863 uc
161 3811 363 3885 spectantem
377 3799 479 3860 habes
492 3813 590 3873 supra
599 3792 646 3849 n.
658 3788 733 3848 tint.
