2160 4072
162 78 172 97 ¹
227 105 273 152 nu
296 109 341 153 ss.
363 107 567 155 utrumn.

53 269 132 313 ntus
143 252 196 319 hic
208 273 246 316 ex
260 255 440 331 quibusdam
454 255 607 316 codicibus
629 268 803 333 expunctus
816 258 876 316 fuit
903 218 908 232 ι

53 334 112 402 nis,
129 336 182 410 qui
194 333 246 392 illo
260 334 389 393 maxime
404 337 616 413 premebantur
631 359 639 395 r
655 335 781 395 similem
790 357 873 399 nam·

53 413 138 472 idern
149 416 180 473 S.
196 414 320 474 Hieron.
332 415 443 493 aliique
458 417 562 476 Patres
572 416 681 494 sepius
695 419 726 475 in
740 416 800 478 illia
814 418 877 478 cul·

53 594 103 632 :ur
118 575 220 633 Patres
239 575 271 634 in
286 577 421 636 Concilio
443 577 567 636 Nicone
581 596 700 636 vertum
720 576 803 636 hune
815 598 876 637 non

53 665 141 712 erunt
154 666 256 713 contra
276 657 412 715 Arianos.

53 740 107 793 ιιιὲ
130 736 335 812 protulerunt:
352 737 440 813 plura
460 738 549 796 etiam
564 737 650 796 istius
664 736 791 796 Coucilii
812 749 876 796 tcta

53 826 166 885 er;unt
188 817 263 873 forte
279 828 309 873 et
322 817 521 876 verosimilius
535 817 620 875 ιιιιιιιι
630 836 691 876 non
705 817 874 880 habebant:

57 897 210 954 vinitatem
226 896 353 973 Spiritus
378 899 407 959 S
430 900 559 975 probant
581 916 617 955 ex
632 897 778 958 versus6.
794 899 876 976 quod

53 976 161 1034 icaciirs
174 977 313 1035 fecissent
326 999 362 1036 ex
377 998 466 1036 versu
481 988 508 1045 7.
536 978 561 1035 si
584 977 670 1036 illum
693 977 875 1038 habuissent.

54 1077 94 1113 m.
112 1064 137 1114 l.
163 1057 362 1115 Conciliorum
384 1059 534 1117 Harduini
556 1078 625 1135 pag.
640 1064 709 1119 410.
729 1058 777 1119 rel
794 1058 819 1117 si
842 1060 874 1117 in

53 1135 109 1194 lam
122 1137 273 1195 codicibus
286 1137 454 1208 habuerint,
464 1140 535 1216 quia
542 1149 640 1197 temen
652 1138 685 1196 in
694 1137 759 1199 aliis
765 1139 875 1210 decrat,

53 1238 61 1274 ι
75 1237 153 1274 nova
165 1218 297 1293 quaestio
320 1220 357 1276 ab
371 1220 494 1277 Arianis
504 1219 694 1290 excitaretur,
719 1220 871 1279 subticue-

53 1296 110 1354 nim
131 1298 218 1373 plura
244 1298 300 1355 alia
315 1298 380 1356 luca
399 1299 437 1357 ad
451 1300 518 1358 illos
532 1298 753 1358 convincendos
767 1319 876 1377 suppe-

60 1378 219 1454 Qnidquid
234 1379 281 1447 sit,
302 1381 412 1455 reperti
423 1379 532 1438 deinde
547 1390 617 1438 suut
627 1379 742 1438 codices
756 1381 873 1456 optimae

53 1479 73 1515 x
87 1459 197 1534 quibus
214 1459 345 1517 Ecclesia
359 1479 477 1518 versum
499 1460 584 1518 illum
603 1460 704 1536 potuit
727 1458 876 1519 declarare

53 1559 108 1604 rm,
122 1551 153 1595 et
161 1540 280 1596 omnino
291 1540 454 1603 declarasse
463 1539 592 1609 videtur,
602 1541 632 1596 in
642 1537 776 1597 Concilio
793 1541 868 1599 Trid

67 1619 105 1676 de
121 1619 283 1695 scripturis
307 1622 472 1680 Canonicis
515 1620 593 1678 Vide
618 1618 758 1678 Estium
749 1638 780 1677 ιιι
795 1620 876 1680 hunc

56 1710 118 1766 e,t
134 1700 367 1758 Tournellitom
383 1709 410 1758 3.
426 1709 567 1796 quaestt.
583 1711 637 1758 art
656 1708 701 1759 10

53 1742 129 1836 itum
148 1781 187 1837 ad
211 1801 329 1838 sensum
344 1781 429 1839 istius
452 1777 564 1849 versis,
584 1779 733 1839 Sociniaui
758 1800 812 1857 per
824 1781 877 1841 illa

62 1867 127 1919 “et
140 1859 171 1917 hi
183 1874 243 1918 tres
253 1881 346 1918 unum
357 1865 454 1929 sunt,''
468 1862 562 1929 aiunt,
575 1880 635 1918 non
646 1859 798 1937 importari
810 1863 876 1920 uni·

53 1952 163 2010 raturae,
188 1941 240 1998 sed
262 1941 446 2000 concordiis
437 1962 469 2000 in
492 1941 629 1999 testando
646 1941 800 2000 Christum
813 1962 877 2002 esse

60 2021 127 2078 Dei.

53 2111 119 2170 ·ant,
135 2102 246 2178 quisv.
260 2110 286 2160 8.
302 2101 429 2160 dicitur.
446 2103 558 2160 “Tres
577 2111 658 2164 sunt,
673 2100 726 2192 qui
746 2100 876 2158 testimo-

53 2181 157 2238 dant
149 2200 180 2238 m
190 2195 288 2240 terra
304 2181 442 2257 Spiritus,
451 2200 538 2259 aqua,
547 2191 578 2239 et
587 2200 725 2257 sangurs
718 2176 808 2238 ethr
817 2190 878 2239 tres

53 2265 188 2332 usunt;''
203 2274 284 2338 atqui
296 2262 345 2319 hic
359 2261 423 2339 ly
432 2282 525 2323 unum
536 2265 634 2331 sunt
650 2278 708 2319 non
721 2271 820 2338 potest
830 2281 874 2320 m

53 2341 84 2398 ie
98 2342 211 2400 unitate
225 2353 347 2411 nature,
371 2343 423 2400 sed
436 2343 553 2400 tantrlm
569 2341 606 2400 de
615 2341 730 2400 unitate
743 2342 875 2399 testimo·

75 2443 102 2490 0,
115 2433 170 2480 etc.

53 2443 88 2558 lt.
107 2502 144 2559 1⁰.
168 2503 257 2559 Multi
283 2502 398 2561 codices
418 2520 478 2560 non
498 2502 610 2560 habent
623 2501 702 2560 hanc
714 2499 876 2559 clausulam

53 2583 200 2640 octavi:‘
204 2583 291 2639 ‘ethi
306 2595 365 2640 tres
382 2585 581 2640 unumsunt.'¹
604 2580 732 2650 Deinde,
747 2579 875 2639 adnuissr't

53 2664 171 2732 nsunt,
184 2663 236 2755 qui
249 2674 360 2740 negant
373 2666 583 2738 subsumptum
596 2660 794 2753 probationis·
784 2704 795 2730 ,
806 2662 877 2737 quia

53 2761 65 2798 s
67 2743 209 2818 ,sanguis
221 2754 252 2800 et
266 2765 343 2820 aqua
355 2755 426 2800 sunt
440 2740 514 2819 quid
529 2741 667 2801 nnumin
676 2751 793 2808 natura,
807 2739 875 2799 calm

53 2835 61 2878 t
76 2843 164 2880 unam
179 2833 315 2881 naturam
329 2823 488 2880 humanam
500 2821 620 2890 Christi,
631 2821 767 2898 quamvis
782 2841 875 2880 uuum

53 2903 312 2980 rcompositionem
324 2927 331 2960 :
348 2903 401 2961 ubi
412 2903 576 2968 substantia
584 2902 686 2961 divina
697 2921 756 2959 una
763 2912 809 2960 est
821 2921 876 2979 per

53 2982 162 3040 itatem.

53 3063 81 3121 ιθ.
109 3066 186 3140 Neg.
201 3074 294 3120 antec
310 3074 341 3122 et
354 3083 471 3140 conseq.
493 3061 693 3140 probationis:
720 3060 875 3138 disparitas

60 3164 97 3201 ex
112 3146 245 3221 subjecta
266 3143 396 3210 nmteria,
424 3162 492 3204 cum
506 3144 584 3201 enirn
599 3145 691 3201 verba
715 3141 876 3217 Scripturas

70 3223 393 3299 siutaccipienda,nis1
386 3223 479 3300 quid
492 3225 590 3282 obstet
602 3221 703 3300 apertis
714 3239 826 3296 cogens
837 3221 874 3279 ad

53 3325 59 3361 ι
75 3325 203 3373 sensum,
219 3305 353 3381 nihilque
366 3304 425 3362 tale
438 3305 476 3362 sit
488 3323 544 3384 pro
557 3322 645 3361 versu
656 3310 684 3368 7
700 3299 834 3376 sequitur
843 3301 875 3378 ly

53 3387 78 3440 t''
107 3385 171 3442 ibi
163 3397 323 3461 importare
342 3384 451 3441 debere
466 3385 609 3443 unitatem
630 3393 743 3440 natura
768 3380 874 3451 Patris,

53 3475 72 3522 t
96 3463 224 3541 Spiritus
240 3465 358 3524 Sancti:
386 3464 439 3522 sed
459 3463 598 3541 Spiritus,
613 3461 874 3538 sariguitetaqua,

53 3545 179 3603 divesnae
192 3556 314 3614 nature,
326 3565 386 3602 non
396 3554 523 3621 possunt
536 3543 594 3602 diei
609 3550 629 3576 “
641 3544 743 3599 unum'
744 3540 877 3602 'unitate

53 3645 88 3682 e:
117 3646 214 3701 crgo
205 3625 315 3683 debent
329 3625 433 3682 dici“
448 3627 549 3681 unum'
552 3623 694 3682 'unitate
707 3620 877 3679 testimonii.

53 3706 131 3808 Ιιιιὸιι
144 3707 241 3764 (lraeci
255 3726 339 3763 versu
358 3712 385 3763 8.
401 3703 556 3764 ιιιιιιιιιιιιί
558 3711 611 3763 et
619 3702 656 3763 ln
666 3713 731 3762 tres
740 3702 890 3771 inunum

53 3784 117 3841 'id
126 3786 211 3841 estin
227 3805 320 3842 uuum
337 3797 368 3844 et
378 3785 463 3846 idern
479 3785 697 3849 testimonium
713 3781 908 3861 ennensi-tunt
