2160 4072
387 128 434 176 nn
457 124 698 180 consortum.
937 116 1015 183 401

106 277 166 340 Vi.
182 276 273 351 Quod
287 277 312 337 si
324 278 482 357 neoesutas
494 270 709 356 aut'sufficieus
731 277 841 358 agendi
853 278 930 341 ratio
953 302 1017 344 non

64 358 157 433 edsit,
179 359 268 439 etiam
280 376 342 418 non
356 358 413 419 erit
435 358 548 419 lioimm
561 360 647 438 sequi
666 358 771 432 tutius,
793 359 875 439 qu'od
887 382 949 422 non
972 377 1018 425 est

65 438 375 519 sinplicitertutum3
395 448 426 504 et
438 438 490 511 ita,
518 439 654 520 quamvis
668 458 697 499 v.
712 460 745 520 g.
759 438 798 500 sit
811 441 905 501 tutius
918 444 1017 524 bapti-

68 539 142 581 zare
155 520 188 579 in
198 519 280 580 tenui
295 519 437 580 osreriaia
459 521 549 598 quim
563 520 595 578 in
608 519 689 591 forti,
703 538 765 580 non
788 518 858 581 lieet
871 527 1017 584 tamenin

65 601 154 662 tenui
166 600 328 681 baptizare,
357 600 383 660 si
395 602 554 660 necessitas
566 620 628 660 non
640 612 756 681 urgeat,
771 600 824 660 sed
836 604 875 662 ub
889 608 1018 684 utraque

67 693 115 742 eat
134 681 354 742 abstinendum.
369 680 373 687 '

110 763 148 823 ln
163 761 264 821 dubiis
278 760 469 840 speculativis
483 761 691 899 amplectimur
704 762 874 834 verisimile,
887 765 958 841 quia
967 776 1016 826 tu·

68 850 134 901 um
148 841 199 902 vel
210 842 304 902 mtius
316 841 349 900 in
369 842 429 901 illis
451 860 513 900 nou
558 843 627 901 abet
649 842 771 917 locum3
791 853 913 914 attento,
935 847 1017 926 quod

69 918 112 983 ibi
120 920 308 1001 non‘sgatur
321 921 359 982 de
380 922 514 1001 periculo
536 922 660 1002 peceati.
695 925 744 984 De
757 923 948 986 conscientia
960 927 1017 987 du·

69 1002 118 1064 un
132 1014 241 1083 egetur
249 1002 329 1062 inii-a
340 1004 430 1063 Num.
447 1010 514 1063 184.

73 1162 108 1222 u.
138 1170 204 1225 no.
243 1162 303 1223 un
325 1163 455 1235 runo,
474 1136 627 1305 anqqs
649 1163 768 1226 nuno
798 1165 854 1225 nu
876 1165 1015 1231 umus

72 1360 94 1423 I.
117 1364 231 1426 Tutum
274 1364 317 1424 11.
337 1364 443 1443 Magia
468 1373 568 1425 tutum
609 1365 670 1425 111.
690 1360 793 1427 Minis
819 1373 917 1425 tuum.
960 1366 1014 1433 IV.

184 1439 287 1524 Magio
299 1453 327 1504 et
339 1442 431 1504 minsis
443 1452 531 1503 tutum
545 1444 721 1523 ‹estimantur
733 1463 769 1503 ea
779 1440 895 1503 duodus.

105 1556 137 1623 1.'
149 1569 172 1598 ‘⁶
185 1563 370 1637 TUTUM,”
398 1580 450 1626 teu
464 1573 564 1624 tutum
589 1554 774 1644 simpliciter,
795 1562 908 1624 dicitur
926 1562 1015 1623 illud'

60 1642 149 1725 quod
161 1643 344 1723 uertitudine
362 1645 467 1705 morali
487 1653 602 1705 constat
624 1662 688 1705 esse
710 1642 838 1717 licitum,
861 1646 908 1706 uti
928 1664 966 1706 v.·
982 1664 1015 1725 g·

64 1734 185 1786 muster
197 1724 236 1784 de
247 1726 387 1785 censibus
400 1726 540 1786 realibus.

101 1800 151 1867 11.
174 1810 196 1840 “
207 1800 306 1884 Megia
319 1809 448 1877 tutum,''
467 1826 520 1866 seu
534 1805 628 1866 tutius
641 1806 754 1867 dicitur
768 1806 851 1885 quod
874 1808 1013 1869 omnibus

55 1887 188 1947 attentis
202 1888 334 1946 continet
345 1887 445 1946 minua
455 1885 622 1965 periculum
634 1887 759 1966 peccati,
771 1888 861 1964 quim
874 1887 961 1958 illud,
976 1888 1016 1948 sd

77 1965 146 2026 uod
160 1977 371 2044 comparatum
386 1966 428 2025 ita
441 1967 473 2025 in
487 1964 580 2026 dubio
594 1966 633 2025 de
645 1966 747 2045 valore
759 1966 952 2036 matrimonii,
966 1987 1015 2026 or.

53 1984 178 2125 dinarii
198 2047 293 2124 magis
314 2056 413 2105 tutum
433 2057 479 2106 est
504 2055 644 2125 respectu
667 2046 842 2117 dubitantis,
879 2045 1016 2106 debitum

53 2126 179 2207 petatiti
191 2125 318 2186 reddere
329 2126 423 2206 quim
436 2126 534 2187 eidem
553 2144 664 2205 negare
672 2148 686 2199 -3
707 2125 778 2206 quie
800 2126 834 2186 in
846 2126 1015 2186 redditione

53 2218 106 2269 est
120 2206 223 2267 minus
234 2207 350 2285 peceati
360 2207 537 2287 periculum.
580 2208 618 2267 In
641 2207 748 2286 aequali
763 2208 853 2268 oaus‘u
866 2207 1014 2268 ordinarie

53 2296 223 2368 reputatur
236 2288 340 2359 tutius,
354 2288 437 2366 quod
445 2286 526 2347 iavet
535 2287 599 2367 juri
611 2286 743 2368 proximi
754 2288 859 2351 nostri.

101 2367 168 2428 111.
182 2374 204 2403 ‘⁸
218 2373 240 2403 “
250 2367 487 2428 Minis'wtum'’
501 2380 555 2439 est,
570 2369 652 2447 quod
666 2369 805 2427 omnibus
816 2368 938 2428 attentis
949 2386 1014 2428 me·

53 2447 107 2526 jus
121 2448 239 2527 peremi
247 2446 417 2527 perieulum
426 2448 527 2518 hebet,
538 2449 630 2528 quim
641 2448 686 2518 -id,
701 2448 739 2506 ad
749 2447 832 2526 quod
845 2449 879 2508 iit
892 2466 1017 2529 eompa-

58 2528 157 2588 ratio:
171 2529 214 2588 sio
226 2528 259 2588 in
272 2548 342 2588 casu
356 2530 454 2607 posito
464 2529 560 2588 minus
573 2537 673 2588 tutum
687 2538 733 2587 est
747 2526 883 2589 debitum
891 2546 1013 2607 negare.

103 2600 265 2669 Undenatn
273 2610 403 2688 gravitas
410 2602 537 2689 periculi
542 2608 659 2669 desumi
667 2618 719 2668 aut
728 2604 890 2687 dijudicari
902 2608 1011 2670 debet?

103 2689 163 2748 lv.
179 2690 213 2748 R.
229 2690 277 2749 Ex
290 2690 337 2749 his
349 2690 489 2752 duobus:
520 2689 560 2749 1⁰.
575 2691 623 2748 Ex
640 2686 848 2767 magnitudine
860 2689 943 2762 maii,
958 2700 1013 2750 aut

59 2768 213 2849 gravitate
225 2771 349 2850 peccati,
364 2770 445 2849 quod
453 2769 589 2829 imminet
598 2764 647 2829 vel
658 2764 789 2830 timetur.

101 2848 146 2911 2⁰.
162 2851 210 2915 Ex
223 2851 396 2928 apparentia
410 2870 462 2910 seu
476 2848 774 2909 verisimilitudineet
786 2848 1011 2931 propinquitate

60 2928 150 2989 istius
160 2929 231 3007 mali
245 2942 296 2990 out
308 2931 432 3010 peceati.

103 3009 157 3070 Sit
168 3009 202 3068 in
223 3029 293 3070 essu
305 3011 412 3090 posito,
426 3010 593 3091 perieulum
612 3008 727 3095 peceati
740 3010 773 3070 in
784 3012 947 3092 negatione
960 3012 1014 3070 de.

60 3088 119 3149 biti
130 3089 285 3169 judicatur
298 3092 412 3172 majus:
428 3093 498 3171 quia
516 3092 594 3151 illud
606 3101 763 3171 peecatum
785 3103 888 3152 oontra
897 3092 1012 3173 justiti·

61 3186 119 3241 am,
133 3172 217 3251 quod
230 3183 329 3250 posset
340 3184 406 3231 esse
418 3173 451 3231 in
462 3172 555 3232 debiti
567 3170 735 3251 negatione,
745 3173 844 3253 majus
857 3182 911 3243 est,
922 3172 1013 3250 quim

61 3251 375 3391 fflwmisimpliois
399 3246 611 3325 forniostionis,
635 3252 719 3332 quod
729 3252 1005 3312 timeturindebiti

140 3331 240 3392 itione.
475 3370 478 3375 ·
655 3370 658 3377 =
936 3352 940 3365 ¹

100 3410 230 3485 Quodsi
252 3412 474 3473 matrimonium
488 3412 527 3473 sit
542 3413 724 3493 probabilius
737 3411 881 3484 validum,
901 3422 967 3472 tum
980 3413 1013 3472 in

61 3510 101 3551 ne
142 3492 223 3571 tione
233 3492 332 3552 debiti·
340 3494 507 3574 periculum
517 3494 632 3572 peceati
645 3511 706 3552 non
719 3495 833 3552 tantum
846 3504 892 3553 est
904 3493 1012 3572 majus,

121 3572 214 3632 aiam
222 3573 424 3652 propinquius
434 3585 465 3633 et
476 3573 675 3644 verisimilius,
690 3573 824 3654 adeoque
838 3594 876 3634 ex
885 3584 1017 3653 utroque·

63 3653 162 3731 capite
210 3655 306 3726 avius,
320 3654 413 3733 quim
427 3656 459 3714 ira
469 3648 566 3714 debiti
576 3654 752 3715 redditione.

83 3732 162 3823 ,0⁰3¹
178 3774 190 3801 ‚
204 3733 284 3813 siut)
298 3747 459 3815 ansperto
481 3736 629 3801 timeatur
649 3736 770 3801 maium
782 3736 924 3821 grauius.
948 3733 1036 3796 etto

53 3807 106 3864 ¹¹¹⁰
112 3822 223 3883 ”mvn
237 3812 296 3874 sed
299 3818 539 3902 propinquius?

498 3910 517 3971 s
531 3924 561 3969 u
580 3914 598 3971 3
