2160 4072
66 95 120 157 42-
435 110 636 156 susurrans

67 256 290 327 liberefaeeret,
305 256 330 314 si
343 256 375 314 in
388 256 452 315 istis
462 255 691 317 circumstantiis
704 265 883 335 poneretur,
897 265 929 315 ct
939 268 1000 316 entn

70 359 106 398 eo
130 348 328 398 concurreret.
578 360 582 367 ·
1006 358 1010 392 s

111 419 188 477 Item
198 417 389 488 abstrahitur,
401 438 438 476 an
449 417 579 477 conditio
589 419 628 477 sit
634 417 783 496 ponenda,
793 436 832 474 an
840 436 923 488 non3
938 417 1011 496 qnia-¹

67 500 156 577 juxta
168 497 260 576 hujus
287 499 418 557 scientiae
441 509 581 576 patronos
604 498 689 556 Deus
712 498 768 556 hic
783 497 1000 556 scientidetiam

72 579 168 638 utitur
187 579 220 636 in
234 578 398 637 formandis
411 580 472 638 suis
485 578 613 637 decretis
626 578 782 649 absolutis,
805 597 875 655 quse
887 588 958 637 sunt
968 577 1003 636 da

72 661 161 719 rebus
174 659 291 717 futuris.

112 743 165 799 Au
172 759 245 798 usus
259 738 389 798 scientiae
403 738 508 797 mediae
520 738 554 797 in
574 741 642 799 Deo
654 738 773 797 admitti
790 744 909 816 potest?

115 820 177 879 111.
207 820 243 878 R.
272 820 434 878 Thomistae
461 819 645 897 requirentes
671 818 1012 896 praedeterminationem:

73 899 229 979 physicam
243 899 282 958 ad
303 920 420 957 omnem
434 911 533 959 actum
548 901 622 958 etin
642 900 724 957 omni
738 910 826 967 statu,
855 899 1003 957 scientiam

74 980 203 1038 mediam
212 980 352 1059 rejiciunt
358 1003 368 1051 3
382 1000 450 1038 nam
460 980 548 1058 juxta
555 979 622 1038 illos
630 981 715 1039 Dens
725 980 826 1038 sutura
836 980 1002 1056 contingen-

73 1061 128 1130 tia,
142 1061 204 1119 sive
217 1061 360 1130 absoluta,
381 1061 443 1119 sive
453 1060 662 1130 conditionata,
673 1059 828 1137 cognoscit
841 1059 947 1118 insuia
959 1058 1002 1116 de-

77 1141 174 1212 cretis,
186 1153 222 1201 ut
235 1142 326 1198 Num.
338 1141 518 1218 praecedenti
533 1140 646 1199 dictum
661 1151 712 1197 est.
843 1194 848 1199 .

118 1221 172 1280 IV.
187 1220 348 1280 Molinistae
362 1221 378 1279 ὲ
393 1222 495 1279 contria
507 1241 596 1280 nsum
610 1219 741 1279 scientiae
752 1219 861 1279 medior
873 1226 1004 1278 astruunt

77 1302 156 1360 cirea
165 1320 267 1360 omnes
280 1312 363 1359 actus
377 1312 578 1360 creaturarum
590 1300 711 1372 liberos,
722 1300 784 1358 sive
798 1301 858 1359 sint
870 1297 1006 1358 naturalis

79 1383 141 1440 sive
155 1381 386 1459 supernaturalis
407 1382 540 1455 ordinis3
556 1381 627 1460 quia
641 1381 683 1440 sic
692 1378 807 1439 facilids
820 1380 943 1439 libertas
956 1377 1009 1436 sal·

77 1474 173 1521 ratur.

119 1544 225 1620 Itaque
235 1543 321 1621 juxte
332 1541 507 1613 Molinistas,
523 1543 548 1601 si
558 1543 643 1600 Deus
653 1562 682 1602 v.
692 1560 724 1620 g.
733 1541 807 1600 velit
815 1541 943 1619 aliquem
954 1538 1007 1597 effi·

80 1623 188 1681 caciter
203 1633 383 1693 convertere,
398 1622 452 1680 has
473 1622 521 1680 vel
535 1621 600 1680 illas
613 1622 723 1699 gratias
745 1621 773 1681 ei
786 1620 922 1680 absolute
945 1637 1007 1678 cou-

79 1704 157 1762 ferre
181 1702 324 1772 decernit,
349 1704 459 1780 quibus
483 1723 538 1781 per
559 1702 711 1762 scientiam
732 1701 859 1761 mediam
873 1697 1011 1779 cognorit

80 1785 170 1841 istum
184 1782 335 1841 hominem
359 1803 581 1844 consensurum.
624 1782 714 1843 Unde
733 1802 795 1840 nou
807 1781 927 1852 docent,
947 1799 1013 1858 gra·-

79 1862 151 1921 tiam
164 1882 219 1940 per
233 1883 264 1922 se
277 1874 308 1920 et
321 1864 358 1921 ab
369 1864 528 1922 intrinseco
541 1864 697 1934 efficacem,
712 1862 765 1922 sed
778 1863 827 1921 vel
837 1860 1010 1930 versatilem,

80 1943 129 2003 vel
152 1962 324 2021 congruam,
339 1965 404 2022 quar
417 1943 532 2002 tantdm
547 1945 648 2003 efficax
662 1958 706 2002 est
719 1962 756 2002 ex
776 1963 822 2013 eo,
834 1941 921 2020 qudd
930 1941 1018 2000 detnr-

81 2042 214 2100 eongruo
227 2036 371 2105 tempore,
380 2026 455 2094 loco,
471 2024 709 2094 circumstantiis,
721 2034 778 2083 etc.

120 2104 235 2163 Scholae
250 2106 469 2182 Augustiniana
483 2117 512 2163 et
527 2105 720 2163 Lovaniensis
735 2103 853 2172 docent,
881 2103 915 2160 in
938 2109 1016 2160 statu

80 2194 194 2243 naturae
208 2185 297 2262 lapsae
307 2186 432 2262 gratiam
443 2204 535 2263 perse
549 2194 579 2242 et
592 2185 630 2243 ab
643 2184 802 2243 intrinseco
816 2183 978 2242 efficacem:
988 2191 1014 2241 st

80 2263 123 2322 ita
136 2264 276 2342 rejiciunt
290 2285 376 2323 usum
389 2265 519 2323 scientiae
530 2264 635 2322 mediae
645 2267 676 2322 in
689 2265 810 2343 negotio
823 2260 1013 2342 praedestina·

81 2343 181 2415 tionis,
194 2356 224 2403 et
237 2345 268 2402 in
279 2344 488 2403 distributione
501 2346 683 2421 gratiarum:
699 2345 741 2403 sic
751 2345 831 2402 enim
841 2343 1019 2403 Deusfutu-

81 2423 219 2483 titionem
233 2424 414 2483 actirsiiberi
427 2427 577 2503 cognoscit
591 2427 623 2483 in
636 2426 697 2484 suis
712 2424 840 2483 decretis
851 2423 902 2482 rel
912 2423 945 2481 in
956 2422 1016 2482 effi·

82 2504 163 2563 cacid
176 2525 237 2564 suae
250 2505 362 2583 gratiae,

123 2585 161 2642 Iu
169 2585 284 2644 actibus
298 2587 368 2644 verd
382 2585 484 2645 liberis
504 2585 690 2645 naturalibus
703 2585 791 2644 dictae
804 2584 923 2653 scholae,
951 2581 1018 2642 edm

81 2665 421 2742 praedeterminatiouem
434 2666 590 2745 physicam
603 2666 749 2745 rejiciant,
763 2664 850 2724 facile
861 2684 951 2723 usum
965 2663 1021 2722 sci·

83 2745 169 2803 entiae
186 2746 291 2804 mediae
305 2747 468 2825 admittunt
477 2770 487 2818 3
514 2746 601 2806 sicuti
613 2747 664 2804 ille
685 2746 774 2805 etiam
795 2744 913 2804 admitti
923 2752 1022 2821 potest

84 2845 141 2901 pro
151 2835 228 2884 statu
244 2827 429 2900 innocentiae,
443 2827 475 2883 in
489 2846 548 2904 quo
560 2826 657 2905 gratia
670 2837 733 2885 erat
746 2825 900 2884 versatilis.

125 2905 259 2964 Sumitur
273 2905 342 2980 haess'c,
350 2906 503 2964 distinctio
524 2927 560 2966 ex
576 2908 606 2967 S.
617 2910 747 2984 August.
773 2905 852 2964 libro
879 2906 919 2964 de
943 2923 1021 2983 prae·

84 2983 280 3044 destinatione
300 2988 485 3059 Studiorum,
511 3007 575 3066 cap.
602 2995 649 3046 10.
664 2987 717 3045 ubi
731 2985 822 3046 dicit:
854 2993 873 3021 “
889 2985 1023 3045 Praedes·

85 3071 105 3100 “
118 3065 261 3125 tinatione
272 3068 356 3126 Deus
370 3068 573 3145 eri'proescivit,
584 3087 651 3145 quae
660 3067 759 3126 fuerat
771 3067 835 3144 ipse
848 3066 1020 3143 facturus...

84 3153 105 3180 ‘'‘
118 3147 258 3224 praescire
266 3158 366 3205 autem
379 3158 486 3226 potens
508 3159 552 3206 est
568 3150 666 3216 etiam,
694 3167 761 3225 quae
774 3147 839 3223 ipse
860 3165 923 3204 non
938 3143 1023 3215 facit,

85 3233 105 3261 “
119 3227 208 3285 sicuti
222 3247 420 3306 quacumque
433 3231 583 3305 peccata.”
625 3229 666 3287 Et
679 3248 716 3286 ex
732 3229 761 3286 S.
777 3227 884 3286 Thom.
906 3224 932 3284 l.
946 3235 978 3286 2.
994 3245 1022 3305 q·

84 3317 114 3375 9.
125 3316 180 3365 art.
195 3306 223 3366 6.
234 3307 273 3365 ad
283 3315 313 3368 3.
904 3323 909 3341 ³

125 3388 174 3445 De
187 3387 285 3458 modo,
299 3389 331 3445 in
343 3407 405 3465 quo
419 3390 504 3447 Deus
514 3408 569 3467 per
583 3387 735 3447 scientiam
748 3385 877 3444 mediam
897 3402 1026 3464 cognos-

85 3468 126 3525 cit
140 3478 224 3527 actus
238 3468 347 3527 liberos
358 3468 471 3527 ordinis
484 3470 637 3539 naturalis,
652 3468 766 3526 dictum
781 3477 828 3524 est
842 3467 934 3525 Num.
946 3485 1025 3544 pne·

86 3547 212 3606 cedenti.
650 3572 652 3579 ·

114 3629 151 3686 V.
166 3629 254 3699 Nota,
264 3629 344 3707 quod
354 3629 596 3708 Semi-pelagiani
602 3629 688 3689 abusi
701 3627 815 3686 fuerint
828 3624 954 3715 scientia
962 3646 1025 3685 me·

84 3708 133 3765 dia
148 3707 294 3786 quantdm
306 3709 345 3768 ad
356 3710 646 3789 predestinationem
658 3708 871 3789 parvulorum
887 3707 1026 3766 dicebant

72 3787 156 3845 enim
164 3788 304 3852 infantes
322 3791 362 3852 ad
384 3792 516 3874 gratiam
527 3791 682 3872 Baptismi
693 3800 727 3847 st
737 3788 866 3846 satutem
874 3787 1026 3862 wadasti-
