2160 4072
53 25 1073 65 w·.···-·····----·—-—·-

404 136 407 141 ·
430 112 576 157 nunno.
938 91 982 164 69

82 259 215 318 eritorum
227 256 352 328 Christi,
373 257 507 317 absoluta
519 260 782 338 statuataliquibus
791 258 987 319 determinati

128 339 266 417 gloriam,
275 358 310 397 ac
323 337 442 408 deinde,
453 338 573 399 instanti
587 342 708 399 rationis
721 351 872 417 sequente,
892 359 984 418 prop-

138 420 280 477 decernat
293 416 364 476 dare
377 418 487 495 gratias
504 420 701 479 infallibiliter
716 420 845 479 efficaces
866 439 922 497 pro
936 440 984 479 ac·

96 498 103 512 ’
151 500 197 559 dis
209 498 326 557 meritis
335 496 442 576 gradui
451 498 554 576 gloriae
566 501 811 578 proportionatae.
828 499 874 557 lta
886 501 983 558 Lova-

83 576 89 591 '
146 582 204 639 sin
218 599 273 637 sua
286 597 411 637 censura
418 589 448 637 et
458 579 589 658 ejusdem
601 581 813 659 justificatione
825 600 851 640 c.
868 588 984 638 snum.

84 660 160 729 l;ita
172 660 264 719 etiam
279 658 388 717 Schola
401 660 620 736 Augustiniana
634 672 664 719 et
675 661 878 720 Thomistica:
907 659 984 718 hanc

71 736 210 798 doctrinam
245 737 434 796 laudabiliter
467 740 567 798 doceri
605 741 766 799 declaravit
803 739 984 799 Benedictus

72 816 139 877 illl.
148 822 179 878 in
190 820 292 888 Brevi,
305 838 459 877 nsurssas
472 840 601 889 rascas,
613 822 682 879 dato
695 822 724 881 6.
738 821 884 881 Novemb.
901 827 986 887 1724.

97 897 343 959 bellarminuslib.
358 905 387 956 ἓ.
402 907 422 932 “
436 900 473 958 de
481 901 577 976 gratiai
587 912 615 959 et
628 902 722 959 libero
735 902 884 969 arbitrio,’'
896 900 983 959 dicit:

53 1038 56 1043 ,
75 976 228 1038 Sententiam
239 979 318 1037 hanc
332 978 419 1036 fidem
436 979 577 1038 Ecclesiae
600 982 758 1041 catholico
772 980 832 1039 dici
846 981 965 1038 debere.

97 1060 125 1121 V.
137 1063 231 1120 Juxta
245 1059 322 1117 banc
336 1061 509 1117 sententiam
521 1060 671 1120 decretum
687 1062 777 1120 dandi
792 1061 917 1138 gloriam
941 1072 986 1119 est

53 1182 57 1201 2
74 1140 130 1211 pius
147 1142 175 1197 in
189 1139 365 1208 intentione,
381 1139 499 1198 decreto
510 1140 599 1198 dandi
614 1143 754 1218 gratiam:
770 1153 799 1199 et
813 1142 845 1198 in
855 1141 912 1199 hoc
926 1141 985 1198 dif-

74 1214 315 1296 btlprioribus:
345 1219 425 1290 item,
439 1219 505 1277 crim
530 1220 561 1277 in
584 1221 640 1279 bac
664 1223 808 1280 sententiis
827 1222 922 1298 gratia
946 1222 985 1279 sit

71 1293 240 1358 infallibiliter
250 1301 362 1368 efficax,
374 1301 458 1357 Deus
466 1300 601 1358 absolute
609 1302 800 1378 praedestinat
810 1302 848 1359 ad
859 1301 984 1378 gloriam

69 1372 281 1458 independenter
294 1381 312 1437 ri
327 1379 446 1437 scientii
462 1381 567 1452 medii,
598 1383 680 1458 quod
693 1402 753 1439 non
767 1393 864 1459 potest
877 1382 908 1437 in
922 1381 984 1458 pri-

67 1460 154 1531 albus,
169 1461 224 1519 sed
237 1461 270 1517 in
280 1460 328 1517 his
338 1460 427 1517 debet
436 1459 519 1537 privis
528 1460 682 1538 explorare
693 1461 778 1519 liberi
790 1461 904 1519 arbitrii
915 1480 983 1519 con-

64 1552 173 1611 sensum,
188 1542 293 1618 sicque
304 1539 516 1618 predestinatio
530 1561 646 1619 semper
657 1542 771 1619 aliquid
786 1562 821 1601 ex
836 1551 920 1618 parte
930 1540 984 1597 ho-

63 1621 131 1678 minis
145 1640 314 1698 supponere
328 1620 455 1690 videtur,
469 1622 583 1681 ratione
597 1623 683 1701 cujus
698 1622 756 1680 fiat.

89 1701 138 1758 Vl.
152 1703 301 1759 Probatur
315 1700 379 1758 haec
394 1702 540 1760 sententia
558 1722 595 1761 ex
609 1704 693 1780 epist.
712 1703 751 1761 ad
773 1702 857 1759 Rom.
872 1721 897 1759 c.
914 1702 942 1760 9.
954 1720 984 1758 v.

60 1781 96 1838 ll.
119 1789 140 1813 “
154 1780 228 1840 cum
243 1781 377 1838 nondum
391 1780 452 1838 nati
466 1782 601 1852 fuissent,
616 1794 668 1841 aut
682 1782 795 1860 aliquid
815 1782 886 1839 boni
907 1781 984 1857 egis-

56 1860 152 1925 “sent
168 1872 222 1919 aut
235 1861 316 1922 mali.
342 1859 705 1934 (sccundvlmelectionem
719 1862 902 1940 propositum
926 1862 984 1918 Dei

53 1943 72 1967 “
83 1952 225 2019 maneret)
251 1961 279 1997 v.
298 1949 344 2000 12·
366 1961 425 1998 non
440 1961 476 1999 ex
490 1944 639 2019 operibus,
662 1944 713 2001 sed
735 1964 771 2000 ex
786 1952 909 2001 vocante
924 1940 986 1998 dic·

53 2022 141 2079 “tum
157 2032 203 2079 est
217 2022 263 2079 eir
289 2041 316 2079 v.
344 2029 389 2079 13.
411 2022 490 2095 Quia
510 2024 603 2100 major
628 2023 737 2081 serviet
756 2022 874 2091 minori,
899 2021 985 2078 sicuti

53 2102 224 2181 “scripturn
235 2113 297 2160 est:
313 2103 408 2162 Jacob
418 2100 517 2170 dilexi,
533 2105 612 2161 Esaii
627 2103 697 2161 odio
706 2103 826 2160 habui.''

88 2183 248 2260 Apostolus
261 2182 310 2240 hic
321 2181 473 2239 historiam
487 2184 581 2242 Jacob
594 2195 624 2242 et
636 2184 714 2241 Esau
731 2180 873 2259 intelligit
898 2180 985 2258 spiri·
1042 2210 1046 2215 ·

53 2263 173 2335 tualiter,
188 2283 243 2341 per
254 2264 332 2321 Esaii
347 2262 506 2339 designans
519 2266 671 2340 reprobos,
683 2284 737 2341 per
750 2262 842 2322 Jacob
857 2261 984 2339 praedes-

53 2341 172 2402 tinatos:
196 2343 251 2401 hos
265 2356 364 2400 autem
378 2341 465 2400 docet
490 2343 615 2402 dilectos
627 2355 657 2403 et
678 2345 786 2403 electos
800 2363 836 2400 ex
851 2341 912 2400 sold
929 2341 985 2399 Dei

54 2422 208 2493 voluntate,
224 2424 287 2481 sine
301 2422 362 2480 ullo
375 2422 547 2481 meritorum
565 2425 763 2501 personalium
778 2432 924 2499 respectu.

90 2506 194 2582 Neque
207 2506 305 2562 obstat
318 2503 388 2562 inde
399 2503 493 2580 sequi,
507 2513 542 2562 ut
552 2504 645 2582 aliqui
655 2505 768 2574 volunt,
780 2504 867 2561 etiam
882 2520 983 2577 repro-

54 2580 194 2642 bationem
209 2585 272 2642 fieri
286 2596 354 2642 ante
364 2584 488 2661 praevisa
498 2584 648 2643 demerita.
692 2587 768 2642 Nam
783 2583 853 2640 inde
865 2583 983 2638 tantum

56 2665 181 2741 sequitur
201 2665 440 2742 reprobationem
453 2664 622 2741 negativam
637 2664 700 2721 fieri
710 2674 778 2721 ante
791 2662 917 2739 praevisa
932 2661 984 2719 de·

56 2744 149 2802 merita
163 2745 338 2822 personalia,
363 2764 422 2802 non
436 2753 534 2802 tamen
555 2755 624 2801 ante
648 2745 806 2822 praevisum
828 2752 984 2820 peccatum

56 2824 190 2901 originale
198 2848 207 2894 ;
229 2827 306 2883 sicut
330 2844 402 2901 ergo
415 2825 446 2880 in
460 2826 587 2902 personi
601 2826 695 2884 Jacob
711 2824 893 2901 significatur
908 2841 984 2898 prae-

57 2902 203 2963 destinatio
216 2905 294 2962 facta
303 2906 366 2963 sine
379 2905 491 2962 meritis
501 2905 716 2982 personalibus,
731 2903 772 2962 ita
785 2905 816 2960 in
831 2902 910 2961 Esaii
925 2902 984 2978 sig·

56 2984 183 3043 nificatur
196 2986 364 3063 reprobatio
378 2986 456 3042 facta
470 2985 533 3042 sinc
546 2985 697 3043 demeritis
710 2984 923 3063 personalibus

89 3066 159 3124 Vll.
185 3069 273 3125 Hanc
297 3065 472 3123 sententiam
494 3066 581 3124 docet
595 3066 624 3123 S.
641 3069 720 3142 Aug.
743 3064 832 3123 variis
856 3064 886 3120 in
899 3061 982 3132 locis,

57 3163 114 3220 quoe
136 3148 231 3206 videri
259 3158 383 3223 possunt
407 3146 488 3222 apud
516 3145 652 3221 Syluium
675 3156 705 3204 et
730 3145 810 3204 alios.
836 3142 979 3202 Eamdem

56 3223 133 3284 docet
156 3229 186 3286 S.
202 3228 332 3286 Thomas
347 3238 449 3303 quaest.
464 3234 511 3283 23.
527 3237 579 3285 art.
601 3235 628 3284 4.
647 3227 686 3284 ad
707 3233 735 3284 3.
754 3224 838 3283 Ratio
852 3224 916 3301 ejus
927 3231 983 3289 est,

57 3304 128 3380 qudd
142 3308 175 3376 is,
191 3309 243 3385 qui
262 3307 426 3384 prudenter
440 3317 469 3362 et
478 3306 610 3365 ordinate
619 3306 693 3383 agit,
704 3306 789 3383 priris
802 3303 875 3360 velit
885 3301 984 3369 finem,

56 3384 136 3460 quim
145 3388 244 3445 media
258 3412 267 3458 ;
283 3387 349 3445 finis
363 3388 441 3444 enim
456 3399 500 3443 est
513 3388 641 3463 primum
656 3387 688 3443 in
701 3385 873 3449 intentione,
897 3393 926 3438 et
940 3381 985 3438 ul-

56 3466 153 3525 timum
168 3468 199 3524 in
214 3468 408 3537 executione;
436 3467 531 3543 gloria
553 3478 652 3525 autem
675 3477 718 3523 est
733 3466 809 3531 finis,
838 3473 868 3520 et
881 3461 986 3519 merita

56 3559 113 3605 sunt
127 3549 244 3606 media:
268 3568 340 3623 ergo
357 3549 438 3605 Deus
450 3547 534 3623 pribs
549 3548 613 3606 vult
626 3547 750 3623 gloriam
765 3543 856 3622 quim
869 3541 984 3599 merita.

88 3629 158 3707 Obj.
172 3631 197 3686 1.
220 3637 247 3685 Q.
270 3628 309 3685 ad
325 3627 454 3684 Timoth.
482 3647 544 3704 cap.
569 3636 596 3686 4.
623 3647 649 3684 v.
677 3634 705 3686 8.
741 3623 877 3684 Coelestis
891 3622 985 3698 gloria

56 3721 170 3767 vocatur
181 3718 203 3742 “
217 3712 333 3768 Corona
341 3709 466 3786 justitia
478 3712 505 3767 :’'
519 3727 592 3788 ergo
605 3707 702 3788 gloria
713 3705 871 3765 nuntiatur
886 3703 993 3781 gratis,

53 3790 95 3844 sed
105 3808 142 3844 ex
154 3788 276 3845 meritis.
