2152 4066
414 124 460 169 on
483 123 654 170 raooarra.
935 102 1002 171 367

99 269 263 367 Undenam
282 267 359 329 ratio
379 267 523 329 naturalia
545 270 661 350 colligit
671 270 849 351 gravitatem
874 269 1002 330 materie

61 353 342 494 wllllllretlliimum
355 448 392 488 ex
404 428 452 488 hia
470 429 567 489 tribue
574 450 586 499 3

103 511 143 572 1⁰.
165 513 212 571 Ex
226 510 371 587 dignitate
390 510 528 580 materiae,
549 510 643 570 veluti
656 511 688 569 in
702 510 833 571 simonia

99 592 145 732 ἕ.
159 592 208 731 ἐξ
220 589 386 729 agantitate
399 609 450 649 aeu
464 590 670 667 magnitudine
680 593 811 651 meterioe
824 601 858 651 ut
867 591 901 649 in
910 591 1000 651 furto.

64 830 104 891 N.
124 840 192 901 157.
230 831 286 890 DE
309 829 500 889 PECCATO
522 830 719 892 MORTALI
740 832 798 890 Ex
819 830 1002 892 GENEBE.

262 690 279 730 e
291 669 376 748 legia,
390 669 429 728 de
442 690 503 748 quo
515 670 548 728 in
562 672 663 732 Traot.
684 679 703 707 “
718 672 756 729 de
769 674 862 751 Leg.''

311 988 351 1087 S..
362 986 458 1047 Tuom.
473 998 568 1068 queo.
583 998 632 1051 aa.
652 999 708 1051 arr.
722 998 751 1050 a.

70 1120 229 1207 lMortale
240 1146 357 1224 duplam
398 1144 440 1204 ll.
455 1145 567 1206 Scilicet
576 1149 691 1208 mortale
700 1168 734 1206 ex
740 1167 908 1227 geaneruo,
944 1148 1006 1208 111.

310 1227 349 1286 Ill
363 1225 521 1285 mortalem
533 1227 758 1286 circumstantiis.

70 1424 77 1435 -
101 1381 615 1461 QUOTUPLICITERpeecatum
623 1383 1003 1463 aliquoddiciturmortale?

69 1494 73 1505 ·
101 1462 129 1520 l.
146 1461 183 1520 R.
198 1462 376 1540 Dupliciter,
398 1463 509 1522 seilicet
531 1465 656 1523 mortale
678 1485 714 1524 ex
727 1483 836 1542 genere
856 1484 919 1533 auo,
940 1482 1004 1533 aen,

62 1542 147 1621 quod
158 1541 239 1601 idem
253 1552 308 1614 eat,
334 1562 371 1602 ex
384 1542 501 1621 objecto
514 1544 562 1603 vel
585 1545 692 1624 specie,
719 1556 750 1604 et
763 1544 882 1603 mortale
894 1563 931 1603 ex
945 1545 1003 1603 oir-

58 1622 256 1683 mmmntiie
598 1632 601 1637 '

97 1702 264 1776 Quodnam
275 1702 385 1761 dieitur
398 1705 521 1763 mortale
534 1725 571 1764 ex
584 1724 693 1784 genere
706 1709 781 1764 auo?

58 1811 66 1825 ·
97 1783 147 1843 ll.
159 1783 197 1842 R.
207 1780 300 1854 Illud,
311 1784 393 1860 quod
402 1796 575 1860 potestesse
585 1785 707 1843 mortale
718 1786 750 1843 in
759 1783 879 1863 propria
888 1783 1002 1842 ratione

58 1872 84 1923 et
98 1863 204 1941 :pecie
213 1865 323 1941 absque
336 1883 380 1935 eo,
396 1863 477 1941 quod
485 1864 597 1924 malitia
606 1865 729 1924 alteriue
737 1865 858 1923 rationis
872 1883 924 1923 seu
935 1882 1001 1941 ape-

58 1942 115 2003 riei
130 1943 253 2002 accedat
265 1967 275 2014 ;
297 1943 359 2002 eive
369 1944 491 2002 mortale
500 1963 535 2002 ex
549 1964 658 2022 genere
672 1966 726 2004 ano
738 1944 856 2012 dicitnr,
871 1943 903 2001 in
916 1944 1004 2021 cujus

58 2042 180 2101 genere,
191 2033 242 2082 aut
254 2022 352 2101 specie
361 2023 511 2082 invenitur
525 2025 647 2084 materia
655 2025 801 2084 sufficiens
812 2043 868 2100 pro
880 2034 1002 2100 peceato

58 2102 200 2174 mortali3
214 2103 256 2161 ita
265 2103 455 2182 blasphemia,
470 2104 624 2176 detractio,
636 2105 761 2178 furtum,
782 2112 838 2166 ete.
853 2115 922 2163 aunt
931 2123 1003 2182 pec-

57 2195 129 2243 eata
139 2202 178 2241 ex
190 2203 300 2261 genere
314 2205 369 2243 auo
380 2184 523 2244 mortalia.

65 2308 74 2317 -
97 2266 151 2325 An
162 2274 358 2340 peeoatnmea
367 2285 475 2343 genere
484 2285 539 2323 auo
545 2264 679 2335 mortale,
686 2285 803 2344 semper
811 2265 998 2324 estmortale?

100 2345 138 2403 R.
155 2344 185 2402 N
187 2364 234 2423 eg.
248 2344 301 2403 aed
311 2357 345 2404 ut
359 2346 475 2404 dicatur
487 2344 612 2403 mortale
625 2366 661 2404 ex
674 2364 783 2423 genere
805 2366 869 2414 auo,
885 2346 1002 2410 suffieit,

58 2423 143 2502 qudd
156 2422 189 2481 in
200 2444 256 2482 eno
261 2444 370 2501 genere
375 2446 427 2483 aen
436 2425 533 2502 speeie
540 2425 633 2500 possit
641 2426 946 2501 easemortaleabaque
956 2445 1000 2495 eo,

59 2504 144 2582 quod
157 2503 280 2563 alterius
289 2505 396 2581 speciei
408 2504 518 2563 malitia
530 2505 647 2563 accedat
661 2528 671 2576 ;
693 2506 735 2563 ita
747 2506 862 2564 furtum
875 2516 919 2563 est
931 2523 1000 2581 pec-

60 2593 162 2643 eatum
177 2604 213 2643 ex
228 2604 335 2660 genere
349 2605 404 2643 auo
416 2584 548 2654 mortale,
574 2584 644 2643 lieet
657 2585 770 2644 furtum
783 2585 912 2643 materiae
926 2584 1000 2641 levia

61 2663 249 2723 aolummodo
262 2663 300 2722 sit
313 2663 445 2723 veniale:
467 2665 537 2741 quia
549 2665 688 2741 equidem
701 2664 766 2723 dari
779 2675 876 2742 potest
889 2663 1003 2722 furtum

62 2744 229 2821 inproprie
242 2744 338 2821 specie
351 2744 484 2813 mortale,
498 2765 527 2802 v.
541 2764 572 2820 g.
586 2745 701 2804 furtum
715 2745 804 2803 uniua
818 2744 909 2803 aurei.

71 2870 76 2881 .
103 2824 229 2883 Peeeata
241 2825 272 2882 in
286 2824 394 2901 quibua
406 2843 466 2882 non
479 2824 704 2900 deturparvitaa
715 2825 855 2895 materiae,
864 2823 1005 2884 dicuntur

62 2905 199 2963 mortalia
213 2911 234 2938 “
247 2925 284 2963 ex
296 2916 359 2963 toto
371 2907 508 2981 genere,'’
521 2915 556 2963 ut
568 2903 696 2974 haeresis,
716 2904 892 2984 perjurium,
908 2915 963 2962 etc.

92 2984 264 3057 ‚Quodnam
278 2984 389 3043 dieitur
401 2984 523 3042 mortale
537 3004 573 3042 ex
594 2985 845 3044 circumstantiis?

102 3063 164 3122 111.
175 3065 210 3123 R.
226 3063 315 3134 Illud,
344 3063 425 3142 quod
439 3065 585 3123 manendo
597 3065 758 3143 inproprie
769 3066 865 3144 specie
878 3083 1005 3141 nonpo-

64 3154 120 3203 teat
132 3163 197 3203 eaae
209 3144 342 3215 mortale,
368 3144 420 3202 aed
430 3144 492 3222 jam
506 3144 628 3202 mortale
642 3157 686 3205 eat
698 3156 820 3224 propter
833 3144 1005 3223 adjunctam

65 3222 184 3284 alteriue
198 3224 306 3301 speciei
319 3224 482 3295 malitiam3
508 3223 567 3282 tale
580 3236 626 3283 eet
643 3246 670 3282 v.
685 3246 714 3304 g.
735 3227 858 3284 verbum
870 3226 1005 3303 jocosum

64 3313 113 3362 aut
127 3303 255 3363 otiosum
270 3304 382 3362 dietum
397 3325 433 3362 ex
446 3305 504 3363 fine
519 3306 719 3365 eommittendi
733 3326 824 3383 grave
837 3315 1003 3381 peccatum,

63 3383 138 3463 putri
151 3384 373 3443 fornicationem
382 3395 433 3443 ant
443 3385 620 3445 adulterium
633 3407 643 3457 3
661 3405 730 3444 nam
742 3388 867 3444 verbum
880 3385 1007 3442 otiosum

63 3474 114 3523 ant
124 3463 262 3542 jocosum
282 3484 320 3523 ex
332 3466 452 3542 propria
466 3465 564 3543 specie
576 3485 728 3544 nunqnam
743 3477 788 3525 eat
801 3465 934 3534 mortale,
955 3463 1006 3521 aed

59 3553 161 3621 potest
177 3543 240 3603 lieri
254 3544 377 3602 mortale
391 3564 427 3603 ex
442 3545 671 3618 cneumatantia,
697 3567 764 3625 quae
778 3545 854 3606 illud
867 3544 1007 3603 transfert

58 3622 98 3683 ad
111 3623 204 3683 aliam
218 3624 333 3705 peceati
353 3625 492 3703 speeiem.
799 3632 802 3637 ’
