2152 4066
67 107 132 171 280
439 125 647 177 raacrarus—

65 272 118 332 illa
141 269 275 332 convicia
292 269 461 332 coalescunt
470 295 480 345 ;
501 272 632 331 tendunt
642 271 724 331 enim
736 269 777 330 ad
788 269 883 340 idem,
902 290 965 330 uem

65 352 105 410 ad
118 352 211 410 alium
224 351 411 411 irritandum.
984 382 991 399 τ

106 431 138 489 Si
160 434 229 490 vero
253 431 389 510 convicia
404 432 464 491 sint
476 433 577 511 specie
585 432 713 502 diversa,
737 451 768 491 v.
782 453 814 510 g.
827 451 900 492 eum
913 433 999 493 nomi·

65 512 167 571 nando
179 510 290 583 furem,
302 511 491 584 homicidam,
504 512 684 582 adulterum,
706 522 764 571 etc.
785 521 878 571 erunt
890 524 1001 590 meato

67 591 167 669 specie
181 590 329 652 distincta
368 593 545 670 Spectandae
556 605 658 652 tamen
669 592 720 651 hio
733 603 804 652 sunt
815 591 1001 653 circumstan-

66 672 125 743 tia,
136 670 216 749 quia,
228 671 252 730 si
261 682 424 749 presentes
433 673 503 732 satis
510 673 688 751 intelligant,
699 672 781 751 quod
792 671 943 733 distinctae
952 673 1001 732 illa

63 752 184 831 injuria
196 752 311 810 tantum
319 772 356 811 ex
366 752 520 812 iracundia
529 762 713 823 evomantur,
728 762 758 812 et
770 752 843 811 ideo
852 751 914 811 illia
924 752 1001 811 fidem

65 852 127 891 non
139 831 311 903 adhibeant,
324 831 443 891 videtur
457 833 570 891 tantum
584 852 680 892 unum
694 853 758 891 esse
771 841 941 911 peccatum.

109 914 163 972 lV.
179 912 263 982 Bona
272 912 447 990 temporalia
459 912 586 972 fortanae
595 917 672 990 saepe
682 913 854 973 coalescunt
862 912 896 970 in
908 931 1001 985 unum,

66 993 137 1052 dum
150 991 263 1051 scilicet
271 1003 406 1070 spectant
415 991 455 1051 ad
464 993 602 1052 eumdem
615 993 789 1063 Dominum,
800 991 852 1051 vel
861 991 901 1050 ad
911 991 1001 1070 plura

67 1072 223 1141 Dominoa,
239 1072 292 1131 sed
304 1073 456 1131 communi
468 1073 609 1132 dominio.
651 1075 736 1133 Hinc
757 1073 810 1151 qui
824 1073 918 1148 unico
945 1084 1001 1134 actu

66 1154 184 1213 furatur
197 1151 300 1230 plures
313 1172 460 1223 nummos,
473 1174 597 1232 gregem
609 1154 721 1224 ovium,
748 1153 797 1212 vel
812 1150 906 1230 plura
919 1151 1001 1213 frusta

66 1232 158 1311 panni
181 1252 219 1290 ex
239 1232 346 1292 cadem
359 1233 484 1303 officina,
510 1254 602 1292 unum
625 1236 739 1293 tantum
759 1244 922 1312 peceatum
942 1233 1001 1294 furti

68 1311 238 1384 committit,
249 1312 325 1389 ¹dum
339 1313 398 1373 illae
410 1333 459 1373 res
472 1323 606 1391 spectant
620 1314 659 1373 ad
668 1313 817 1386 eumdem,
835 1313 885 1373 vel
895 1312 936 1371 ad
948 1313 1001 1390 plu·

68 1414 115 1452 res
129 1393 280 1452 communi
293 1392 445 1466 domini03
473 1404 630 1454 censentur
644 1393 723 1454 enim
737 1404 810 1453 tuno
830 1394 1001 1460 constituere

66 1493 163 1532 unum
175 1483 283 1533 totum.

108 1552 193 1627 Quid
207 1554 241 1624 si,
263 1575 292 1612 v.
304 1575 337 1631 g.
359 1575 434 1634 grex
447 1553 547 1614 ovium
568 1565 682 1634 spectet
694 1555 733 1614 ad
748 1554 853 1634 plures
867 1554 1000 1616 Domina

68 1633 201 1693 dominio
225 1633 375 1707 distincto,
402 1646 437 1694 ut
460 1636 486 1696 si
513 1636 581 1714 quis
600 1635 719 1696 furetur
740 1655 866 1713 gregem
889 1634 998 1714 triginta

67 1715 177 1784 ovium,
192 1732 318 1792 quarum
328 1713 437 1792 viginti
446 1715 639 1776 determinata
654 1715 840 1797 spectantes
853 1716 996 1787 Joauneu,

68 1805 97 1853 et
112 1795 216 1853 decem
227 1793 291 1852 alita
303 1794 342 1852 ad
357 1796 505 1856 Petrum?

110 1877 145 1934 R.
171 1873 259 1934 Tunc
283 1873 403 1933 videtur
424 1876 500 1935 illud
521 1876 637 1935 furtum
650 1875 803 1934 continere
818 1875 997 1952 daopecmta

67 1974 193 2013 numero
200 1953 358 2028 distincta3
369 1955 449 2032 quia,
461 1956 527 2014 cum
537 1956 589 2015 illa
599 1955 730 2014 dominia
738 1965 879 2014 maneant
890 1953 997 2015 distino-

69 2048 108 2106 ta,
113 2036 229 2095 furtum
237 2033 314 2093 illud
322 2034 454 2096 arntinet
464 2035 538 2096 duas
549 2036 708 2114 injustitias
718 2055 843 2095 numero
848 2034 996 2095 distinctu.

111 2118 176 2176 Nec
189 2116 283 2184 obest,
300 2115 382 2194 quod
392 2115 466 2174 dicit
480 2116 646 2175 Daelmant
674 2115 825 2194 objectum
839 2115 999 2193 proximum

68 2197 152 2267 furti,
167 2215 231 2256 esse
245 2215 292 2255 res
307 2216 374 2274 qua
388 2196 584 2255 auferuntur:
604 2197 688 2274 atqui
712 2215 760 2254 rea
781 2195 840 2253 illae
863 2194 998 2254 moraliter

66 2278 98 2335 in
112 2296 182 2336 casu
199 2276 383 2336 constituunt
398 2295 492 2335 unum
506 2287 621 2348 totum3
647 2295 720 2354 ergo
732 2275 821 2334 etiam
835 2275 953 2353 injuriat
964 2275 999 2334 vi·

67 2357 177 2417 dentur
191 2356 366 2416 coalescere.
992 2416 995 2421 .

108 2436 315 2515 Respondetur
329 2438 418 2509 enim,
440 2438 521 2515 quud
542 2437 601 2498 illae
627 2457 684 2508 res,
714 2457 781 2514 quae
803 2435 896 2496 simul
919 2455 1001 2494 unum

65 2528 162 2578 totum
176 2517 371 2587 constituunt,
385 2538 446 2577 non
459 2518 588 2577 debeant
602 2517 763 2578 secundum
777 2537 811 2575 se
821 2515 1001 2587 considerari,

67 2599 119 2656 sed
133 2607 224 2676 prout
233 2617 287 2674 per
298 2617 398 2656 earum
409 2597 588 2657 ablationem
598 2599 725 2657 violatur
735 2597 787 2675 jus
801 2595 925 2655 alterius
934 2620 942 2656 ι
949 2595 1001 2673 jam

66 2689 166 2738 autem
179 2677 229 2736 hic
243 2676 304 2736 duo
315 2676 455 2738 distincta
465 2678 535 2756 jura
548 2677 696 2737 violatur:
715 2697 791 2754 ergo
801 2687 874 2735 sunt
887 2675 953 2734 duae
964 2677 1001 2734 in·

64 2759 151 2835 juriae
172 2776 297 2815 numero
320 2757 475 2817 distinctae.
518 2758 714 2818 Confirmatur
742 2777 779 2815 ex
800 2776 848 2826 eo,
876 2754 966 2832 quod,
984 2756 1001 2813 si

68 2838 135 2915 quis
154 2858 192 2895 ex
212 2857 307 2914 grege
327 2838 457 2898 auferret
477 2856 548 2898 ovea
572 2838 763 2907 determinate
786 2846 954 2914 spectantes
972 2834 1001 2893 ad

68 2920 226 2986 Joannem,
247 2917 361 2976 nullam
381 2918 520 2997 injuriam
544 2917 667 2978 inferret
691 2917 798 2976 Petro:
818 2935 891 2993 ergo
904 2915 1001 2993 injuria

68 3019 128 3056 non
142 2998 385 3057 inferturratione
398 2998 500 3077 gregis
513 2996 678 3057 seeundum
693 3016 733 3065 se,
755 2997 807 3056 sed
819 2997 937 3055 ratione
949 2995 1001 3053 vio·

69 3078 189 3137 lationis
200 3078 313 3156 jurium
328 3076 545 3138 distinctorum.

109 3157 204 3218 Aliud
217 3168 272 3228 est,
288 3157 312 3216 si
326 3178 396 3217 oves
409 3158 471 3218 illae
482 3168 616 3238 spectent
629 3157 668 3216 ad
680 3157 782 3237 plures
791 3155 926 3215 dominio
934 3176 1001 3216 com·

69 3239 163 3308 muni,
185 3259 212 3296 v.
227 3259 256 3316 g.
271 3237 386 3301 ratione
399 3243 565 3302 contractus
580 3238 737 3306 societatis,
758 3236 807 3297 vel
831 3236 856 3294 si
880 3247 1001 3314 spectent

69 3320 108 3378 ad
121 3319 249 3396 aliquam
260 3319 501 3378 communitatem
512 3331 563 3378 aut
573 3317 793 3388 monasterium,
808 3317 858 3375 vel
869 3317 928 3376 sint
938 3317 1001 3377 inter

68 3402 149 3458 bona
161 3398 290 3457 indivisa
302 3399 435 3476 plurIum
449 3399 624 3471 haredum3
649 3399 719 3477 quia
736 3409 812 3463 tunc
832 3407 878 3456 eat
898 3397 1001 3462 tantun

72 3501 133 3539 una
145 3479 264 3557 injuria,
276 3499 343 3556 quae
354 3479 476 3558 quidem
488 3480 521 3537 fit
530 3480 678 3559 pluribus,
689 3479 740 3546 sed
747 3479 860 3541 tantum
873 3477 1001 3555 quateris

73 3560 254 3619 conveniunt
265 3559 298 3617 in
311 3579 373 3618 uno
382 3559 523 3619 dominio.
563 3560 682 3618 Deinde
692 3559 766 3625 alias
776 3569 949 3637 sequeretur
958 3557 1001 3616 hot

73 3639 246 3709 absurdum,
268 3638 359 3718 quod,
381 3641 434 3718 qui
446 3640 597 3699 furaretur
609 3660 672 3699 rem
683 3641 882 3718 pertinentem
894 3638 934 3696 ad
943 3637 1001 3697 civi·

75 3729 176 3809 tatem,
190 3730 236 3782 tot
248 3731 370 3803 peccata
383 3721 592 3792 committeret,
606 3732 681 3806 quot
693 3720 726 3787 in
738 3720 790 3788 illa
803 3730 874 3786 sunt
888 3718 975 3786 cirea.
