2160 4072
74 88 123 166 ᾔ
437 110 648 155 {narraras
708 94 715 105 '

120 262 176 321 IV.
199 262 234 318 R.
256 258 333 330 Qun
352 256 523 336 significant
549 260 708 317 Personam
730 255 782 314 'rel
808 255 1025 339 prspdenteml'

80 341 278 421 personalem,
297 350 335 398 ut
350 340 446 409 Pater,
465 340 636 416 paternitas,
655 336 882 408 innascibilitas,
899 347 958 395 ete.
1015 346 1025 407 ξε

119 419 196 495 Quae
208 420 330 478 nomina
344 419 487 478 dicuntur
500 417 687 477 essentialia?
1002 444 1025 480 ·;

119 498 155 557 V.
182 502 217 559 R.
233 502 310 577 Quae
324 498 493 577 significant
505 499 674 569 essentiam,
688 495 742 555 ¹rel
754 496 883 575 aliquod
894 497 1025 561 atumem

78 593 144 642 tum
167 600 324 640 commune
349 582 445 640 trrlrus
461 579 606 648 Perennis,
624 598 657 638 v.
677 599 708 654 g.
728 591 847 647 natura,
869 576 1025 656 mpimtial

79 674 134 725 etc.
149 661 209 720 huc
223 660 408 720 reducuntur
422 661 543 718 nomina
557 660 713 729 Creatoris,
728 658 863 729 Domini,
879 668 940 718 ete.
952 632 1025 741 Μ

57 816 62 824 ,
80 744 147 802 Deo
156 743 270 800 ratione
284 742 417 799 assentire
430 741 621 800 conveniunt.
1003 742 1025 953 sp

119 905 159 961 n.
181 902 228 962 aa.
257 902 442 962 anonam
463 898 761 960 onsnnvnnnn
782 899 831 956 m
852 897 976 959 nono
999 858 1007 933 .'

114 1004 116 1008 ·
430 980 671 1052 too-unum.

375 1113 406 1168 s.
434 1111 529 1170 Thra
559 1120 655 1190 quoa
676 1119 726 1180 ³9·
1013 1086 1025 1209 ᾗ

82 1257 108 1316 1.
130 1253 249 1332 aeguo
262 1253 450 1313 oaervanaae.
492 1255 538 1313 n.
552 1254 663 1315 rama.
708 1238 769 1315 n'r.
785 1252 926 1313 omma,
962 1224 1025 1313 iul

123 1333 230 1394 rara.
273 1335 311 1391 v.
348 1332 430 1390 eaor
448 1336 576 1413 putenm
599 1333 742 1395 aarum.
784 1332 840 1391 vr.
872 1318 1022 1479 nigrant

119 1412 205 1473 Filio.
247 1415 320 1472 Vll.
342 1409 463 1471 Bonitas·
487 1410 611 1491 Spiritui
632 1412 744 1473 Sancto.
787 1410 881 1473 vl11.
930 1420 1008 1487 uaria

122 1493 317 1560 literatura.
357 1492 394 1550 X
418 1491 515 1551 Serra.
555 1492 614 1551 xl.
636 1492 783 1573 Septimus

119 1624 147 1684 1.
168 1621 365 1695 QUAENAM
377 1621 491 1697 regulae
507 1622 702 1682 ‘observandae
723 1621 846 1682 suntin
866 1619 955 1679 modo
973 1619 1025 1693 lo}

80 1703 195 1785 quendi
206 1704 243 1763 de
259 1701 404 1780 Mysterio
417 1702 471 1760 SS.
491 1703 672 1764 Trinitatis?
959 1698 1025 1849 Α

122 1785 164 1843 ll.
189 1782 225 1840 R.
251 1784 366 1842 Prima:
394 1783 522 1840 Nomina
546 1783 714 1842 essentialia
732 1782 879 1855 dicuntur
897 1780 958 1839 de’

81 1864 228 1926 Trinitate
239 1887 248 1934 ;
276 1863 348 1921 hino
367 1862 477 1920 dicitnr
497 1875 624 1923 aeternus
645 1865 744 1935 Pater,
761 1875 892 1922 aternus
917 1852 1025 1929 Filias

81 1958 207 2006 aeternus
222 1944 351 2022 Spiritus
367 1945 500 2002 Sanctus.

124 2027 184 2086 ΙΙΙ.
207 2024 359 2084 Secunda:
376 2025 479 2101 Opera
492 2033 514 2059 “
524 2024 563 2082 ad
577 2034 660 2083 extra
670 2028 687 2049 ”
701 2023 871 2082 communia
885 2032 954 2081 sunt
965 2019 1025 2079 totis

84 2117 104 2142 ‘³
120 2105 276 2166 Trinitati:
292 2105 356 2163 haee
369 2104 474 2181 regula
487 2104 631 2163 fundatur
645 2104 677 2161 in
689 2105 788 2164 verbis
802 2103 923 2173 Christi,
938 2103 1011 2160 Joan.

84 2197 104 2222 “
115 2205 177 2262 cap·
195 2195 222 2244 5.
237 2206 266 2242 v.
289 2194 333 2251 17.
374 2192 394 2217 “
410 2186 496 2242 Pater
511 2206 594 2242 meus
608 2206 704 2262 usque
718 2184 806 2244 modri
822 2195 970 2261 operatur,
988 2190 1012 2238 et

84 2274 104 2301 “
115 2285 171 2344 ego
182 2285 297 2342 operor.
311 2264 351 2338 (v.
361 2267 422 2341 19.)
433 2266 639 2342 Quaecumque
651 2269 729 2324 enim
739 2266 788 2323 ille
800 2265 913 2334 fecerit,
925 2264 1016 2322 hoecet

83 2356 101 2381 “
119 2346 213 2406 Filius
228 2345 362 2403 similiter
372 2346 468 2402 facit.'’
483 2347 638 2422 Propterea
653 2346 712 2403 (lici
724 2347 824 2403 debet:
841 2346 927 2402 Pater
937 2361 1015 2401 mun·

83 2429 155 2486 dum
170 2426 288 2494 creavit,
306 2427 329 2483 F
333 2425 399 2482 ilius
414 2425 534 2496 creavit,
548 2427 659 2483 creavit
675 2427 802 2503 Spiritus
818 2427 956 2494 Sanctus,
967 2438 1015 2479 ner

82 2519 181 2567 tamen
194 2517 263 2565 sunt
273 2515 332 2562 tres
348 2509 510 2574 Creatores,
527 2506 578 2563 sed
591 2526 670 2565 unus
681 2519 725 2564 est
737 2509 867 2575 Creator,
883 2507 925 2565 ait
938 2505 1015 2581 Sym·

81 2589 186 2647 bolum
214 2585 388 2657 Athanasii3
418 2585 489 2663 quia
511 2606 600 2664 opera
623 2593 643 2618 “
655 2586 693 2644 ad
707 2597 791 2645 extra
800 2590 816 2610 ”
844 2584 1016 2644 conveniunt

85 2669 221 2726 Personis
246 2667 359 2724 ratione
384 2666 526 2724 Essentiae
550 2666 679 2737 Divinae,
708 2687 766 2744 que
792 2667 956 2724 eommunis
979 2672 1017 2723 att

83 2749 179 2806 tribus
195 2747 340 2804 Personis.

125 2827 195 2905 obj.
220 2827 256 2883 In
271 2825 405 2902 symbolo
414 2825 625 2902 Apostolorum
641 2826 816 2904 profitemur
831 2827 951 2886 Patrem
962 2843 1019 2884 esst

85 2909 264 2974 Creatorem,
292 2917 321 2964 et
334 2907 390 2964 hoo
405 2927 465 2963 non
479 2907 656 2984 profitemur
671 2907 708 2964 de
723 2908 822 2970 Filio:
852 2928 933 2984 ergo,
947 2917 1001 2965 etc.

126 2990 160 3046 R.
176 2986 293 3045 Creatio
307 2986 480 3043 attribuitur
506 2988 584 3045 Patri
599 3007 653 3065 per
671 2987 944 3065 appropriationem
957 2998 1017 3046 tan-

85 3068 168 3139 trim3
193 3087 248 3145 pro
263 3087 322 3142 qua
336 3067 374 3122 sit
387 3066 493 3143 regula

126 3148 179 3206 IV.
202 3146 321 3206 Tertia:
346 3146 527 3214 Notandum,
544 3147 625 3224 quod
639 3147 759 3206 nomina
773 3148 912 3224 quaedam
926 3168 1020 3208 essen·

83 3228 164 3290 tialia
185 3226 352 3286 communia
375 3227 471 3284 tribus
495 3229 638 3304 personis,
666 3227 827 3305 aliquando
854 3231 1020 3288 tribuantur

84 3308 250 3390 specialiter
274 3306 326 3363 uni
349 3327 482 3383 personae
509 3328 563 3384 per
588 3309 869 3386 appropriationem,
902 3319 1021 3388 propter

85 3388 308 3451 similitudinem
322 3387 461 3464 aliquam,
484 3389 531 3445 vel
545 3387 826 3449 dissimilitudinem.

29 3512 35 3517 .
122 3470 158 3525 V.
183 3469 232 3527 sic
248 3467 328 3526 Patri
341 3468 548 3544 appropriatur
569 3468 703 3545 potentia
728 3469 790 3526 sive
805 3471 1021 3548 omnipotentia

81 3549 194 3614 ratione
208 3546 410 3604 similitudinis
425 3549 461 3604 ad
479 3549 590 3605 Divina
599 3572 609 3619 3
625 3548 695 3625 quia
708 3560 752 3606 est
761 3549 949 3629 'principium
965 3552 1023 3610 sine

80 3627 246 3714 principio:
269 3638 298 3684 et
312 3627 425 3685 ratione
440 3628 690 3686 dissimilitudinis
704 3629 743 3686 ad
757 3641 863 3701 creata,
884 3651 934 3701 ne,
949 3632 1024 3691 sicut

77 3719 184 3773 Patres
208 3706 319 3764 terreni
341 3718 464 3787 propter
488 3720 669 3766 senectutem
694 3710 789 3767 solent
813 3730 879 3770 esse
904 3710 1023 3782 infirmi,

65 3793 127 3851 tale
141 3788 221 3868 quid
234 3789 305 3848 Deo
324 3790 406 3850 Patri
422 3789 560 3851 accidere
573 3799 763 3868 putaremus.

1014 956 1025 969 ιι
