2160 4072
67 108 135 183 854
427 118 647 169 ,raacrarua

329 269 370 328 N.
391 274 460 338 147.
500 264 560 328 DE
581 264 761 328 neuma.

73 437 99 496 1.
127 431 237 493 Acedio
287 428 334 491 11.
359 426 468 510 Differ!
493 427 531 486 ab
553 425 619 487 odio
637 423 700 485 Dei
724 432 754 484 et
782 423 897 488 aedo.

112 512 190 593 Eine
211 508 352 592 gracilae.
396 509 450 569 lv.
475 505 562 567 Pilio
580 502 695 565 acedioe
736 504 774 564 V.
806 505 847 564 Ei
864 525 912 584 opp

111 591 228 653 deuotio.
268 588 325 649 vl.
343 584 477 649 Recedie
489 584 739 645 murcardus·-

116 751 226 827 QUID
238 759 284 810 cat
296 748 419 810 acedia?

117 833 144 893 1.
159 833 196 891 ll.
216 828 390 891 Generatim
412 836 531 908 sumpta
544 836 591 888 aet
601 836 707 906 torpor
719 827 784 888 aive
797 824 912 919 languor

76 910 258 993 apiritualia3
281 920 312 969 et
325 909 372 969 aic'
380 928 441 969 nou
454 920 500 969 eat
508 917 666 987 peccatum
674 907 800 1004 aliquod
812 907 912 985 spacia

74 991 172 1073 potius
185 989 408 1051 circumstantia
433 988 593 1068 cujualibet
618 998 743 1066 ρεοαῐι,
768 989 835 1048 edm
862 1008 912 1066 qu<

75 1071 182 1133 vitium
193 1069 292 1166 lugiet
303 1069 457 1148 spirituale
469 1069 582 1129 mutim
595 1068 715 1128 virtutis
724 1067 769 1127 illi
782 1067 912 1147 opposita

115 1150 290 1247 Speeialtter
304 1159 423 1229 sumpta
431 1157 522 1229 prout
536 1157 581 1209 eat
593 1147 700 1207 vitium
714 1147 852 1227 capitale,
867 1147 912 1206 del

75 1230 197 1293 triatrtia
209 1250 263 1291 aen
274 1228 397 1291 tedium
410 1229 450 1289 dc
462 1230 541 1289 buno
550 1227 698 1307 apirituali
712 1230 775 1289 aiae
789 1228 892 1287 divino
903 1248 912 1286 ε

76 1312 253 1391 pertinente·
275 1311 358 1370 Inter
367 1308 433 1369 haec
446 1310 524 1371 bona
537 1309 702 1388 spiritualia
712 1322 908 1368 numerantur

76 1390 162 1463 tudo,
175 1391 272 1471 gratia
296 1390 365 1460 Dei,
386 1390 584 1461 Sacramenta,
598 1390 768 1449 observatio
787 1401 912 1469 precept

76 1472 212 1543 virtutes,
225 1471 352 1549 aliaeque
364 1470 534 1531 functiones
546 1468 722 1529 christiane.
740 1504 743 1510 ·

118 1552 163 1612 11.
177 1550 336 1631 Colligitur
348 1550 481 1613 acediam
494 1548 615 1609 differre
627 1551 667 1609 ob
681 1550 751 1609 odio
766 1551 827 1610 Dei
845 1552 912 1613 et'al

77 1632 146 1695 dia-z
157 1632 260 1691 odium
273 1630 353 1690 euim
363 1630 423 1691 Dei
434 1639 588 1691 araretur
595 1631 708 1691 bouum
722 1630 860 1692 divinum
873 1651 912 1711 pa

76 1712 110 1773 iu
134 1712 211 1783 Deo,
232 1709 348 1771 invidia
360 1721 452 1788 prout
463 1720 511 1771 eat
522 1710 555 1769 iu
567 1708 714 1789 proximo,
727 1711 830 1771 acedia
843 1715 912 1773 vcro

81 1792 115 1853 in
127 1791 215 1853 uobis
225 1801 281 1862 eat,
289 1789 339 1851 vel
351 1809 415 1851 asae
427 1800 538 1872 potest.

118 1871 275 1945 Quantum
287 1881 443 1949 peccatum
456 1881 502 1931 eat
513 1871 636 1933 acedia?

118 1952 178 2012 Ill.
192 1954 226 2012 R.
237 1971 306 2011 cum
321 1952 351 2011 S.
364 1951 470 2012 Thom.
485 1962 540 2011 art
552 1960 580 2012 3.
591 1964 682 2012 estex
695 1972 806 2031 genere
819 1975 911 2014 auom

77 2031 218 2093 nimirum
232 2032 304 2091 dum
319 2041 364 2090 eat
376 2032 415 2090 dc
424 2031 492 2102 illia,
508 2053 575 2111 quae
587 2034 701 2092 suntad
709 2035 834 2094 salutem
843 2055 912 2094 nece

78 2111 128 2171 vel
136 2133 202 2191 quoe
213 2114 268 2171 aub
278 2111 363 2190 gravi
372 2125 441 2171 eunt
452 2124 601 2191 praecepte
609 2136 617 2172 t
625 2124 769 2174 'censetur
783 2126 884 2174 autem
893 2137 910 2171 v

79 2192 103 2250 si
115 2191 217 2251 acedia
230 2193 268 2250 sit
282 2192 359 2251 circa
372 2213 416 2261 ea,
440 2213 508 2270 quoe
527 2212 588 2251 non
611 2195 654 2252 ite
677 2206 747 2253 sunt
764 2197 912 2255 necessari

79 2272 135 2330 sub
148 2272 234 2350 gravi
246 2282 395 2350 praecepta
407 2296 416 2345 ;
430 2285 482 2332 aut
496 2271 520 2330 si
534 2273 656 2332 toedium
681 2275 864 2335 solummodo
886 2297 912 2334 v<

79 2351 158 2412 circa
183 2351 305 2410 modum
328 2355 427 2430 operia
440 2354 590 2431 precepti,
605 2373 634 2411 v.
648 2374 678 2430 g.
692 2356 763 2432 quia
776 2356 912 2415 laboriosi

79 2432 311 2503 incommodum,
324 2432 412 2492 modo
426 2444 526 2492 tamen
536 2434 604 2492 ideo
614 2453 675 2492 non
689 2435 761 2493 velit
774 2438 912 2497 omittere

120 2512 264 2588 Quanam
277 2524 347 2573 aunt
360 2512 428 2573 filiae
447 2514 579 2575 acediae?

122 2592 176 2654 IV.
194 2594 227 2652 ll.
243 2593 399 2671 Asaignari
420 2593 515 2653 solent
539 2605 713 2673 sequentes:
741 2597 851 2656 mentis
876 2618 910 2656 ev

79 2684 191 2752 torpor,
204 2692 319 2744 rancor,
332 2672 567 2752 pusillanimitas,
582 2677 693 2735 malitia
705 2689 737 2736 et
750 2677 912 2756 desperatio

120 2753 265 2826 Quaenam
278 2754 374 2813 virtus
387 2755 547 2833 opponitur
560 2755 690 2816 acedia?

18 2836 21 2841 ’
122 2831 156 2890 V.
169 2834 204 2891 R.
219 2834 349 2893 Devotio
362 2855 414 2894 eeu
429 2833 532 2894 sedula
544 2836 647 2914 pictae,
662 2857 729 2915 quoe
744 2838 880 2916 gaudens
889 2838 912 2896 d«

80 2910 221 2982 tualibus,
236 2915 287 2971 sui
300 2913 538 2993 promptitudine
547 2926 578 2975 et
590 2915 707 2976 fervore
718 2937 837 2977 omnem
846 2919 912 2998 lang

80 3002 111 3051 et
123 2991 245 3069 taedium
260 3005 390 3072 superat.

123 3070 174 3130 VI.
185 3074 282 3134 Docet
293 3076 322 3134 S.
335 3076 444 3136 Thom.
455 3086 509 3135 art.
523 3085 550 3139 1.
561 3076 599 3135 ad
610 3086 637 3136 4.
650 3078 731 3155 quod
740 3079 912 3140 mediumvi

79 3150 222 3225 acediam,
237 3153 274 3212 ait
283 3155 380 3213 eidem
393 3156 520 3234 positivi
532 3158 678 3229 resistere,
693 3169 723 3217 et
732 3178 822 3236 opera
832 3161 912 3220 bona

84 3234 195 3293 tumvis
208 3233 372 3295 reluctante
385 3237 493 3308 animo,
509 3237 572 3296 sine
585 3257 668 3297 mora
682 3239 823 3316 aggredi:
849 3261 912 3300 rev<

83 3313 149 3390 quit
164 3315 194 3374 S.
209 3316 297 3374 Bern.
309 3335 446 3381 ‚sermone
461 3325 488 3376 3.
511 3317 580 3375 “de
600 3319 771 3378 Accnsione
781 3317 807 3378 :''
829 3328 848 3354 ‘⁸
859 3322 912 3380 Cui

81 3400 102 3427 “
115 3394 204 3471 peris,
219 3395 338 3452 tristitia
346 3395 482 3472 implebit
492 3416 542 3455 cor
552 3407 657 3469 tuum;
674 3399 725 3458 aad
740 3400 764 3457 ai
777 3419 912 3476 persever

82 3481 102 3509 “
116 3474 235 3533 tristitia
248 3484 301 3533 tua
314 3486 502 3535 convertetur
516 3477 547 3534 in
561 3476 732 3552 gaudium.'’
754 3480 848 3538 Aliud
860 3501 912 3539 ren

81 3562 125 3611 eet
149 3553 263 3612 variare
288 3555 428 3614 exercitia
448 3558 622 3634 spiritualia.
635 3557 754 3617 dicente
768 3560 875 3618 eodem
891 3561 912 3619 S

79 3632 165 3712 epist.
182 3641 229 3702 78.
272 3643 292 3668 “
307 3635 446 3697 Tedium
454 3648 485 3696 et
498 3638 742 3716 acediamprocul
754 3639 841 3716 pellit
856 3660 910 3700 ean

170 3724 193 3754 “
208 3715 339 3780 varietas
353 3718 621 3780 obseruationum:¹
