2152 4066
110 56 123 85 0

74 108 138 173 152
238 122 244 133 ·
452 121 653 170 nnscrsrus
716 162 719 167 .

74 274 274 354 “apparuerit
293 270 475 351 glorietual'
510 271 559 329 De
572 272 709 331 omnibus
724 273 794 331 verb
801 275 894 335 rebus
908 248 1014 343 creetis¹

73 355 147 415 dicit
160 354 392 434 sapientissimus
405 351 552 421 Salomon,
581 351 662 429 quod
675 352 709 411 in
717 353 856 415 omnibus
865 356 1003 423 invenerit

73 437 233 495 vanitatem
242 445 272 493 et
285 433 470 492 afflictionem
483 431 612 510 spiritis.

185 604 262 701 uo:
289 601 347 660 nn
367 562 671 660 'susurroni
692 596 901 662 nonnosi

384 766 414 824 S.
443 762 538 824 Thon.
559 773 655 843 quast.
670 773 697 824 3.

77 933 102 994 l.
117 932 270 993 Beatitudo
285 931 432 1010 formalis.
475 931 516 988 ll.
541 930 737 1008 Proprietales
757 931 848 990 staltis
861 904 1003 998 beatitudi-

112 1014 165 1070 nis.
207 1011 268 1072 ΙΙΙ.
284 1013 358 1090 Iijos
383 1010 513 1069 Essentia
529 1009 652 1069 consistit
665 1011 695 1066 in
706 1010 809 1070 visione
824 1012 892 1071 Dei.

112 1179 135 1236 Ι.
151 1176 405 1237 BEATITUDO
418 1176 549 1235 formalis
573 1192 610 1234 ex
632 1175 719 1235 dietis
742 1177 877 1236 Numero
899 1200 1007 1258 proece-

72 1257 154 1316 denti
165 1258 281 1315 definiri
294 1267 408 1334 potest:
436 1264 455 1290 “
471 1254 618 1314 Possessio
642 1275 694 1314 seu
714 1255 817 1314 fruitio
827 1259 888 1317 Dei
901 1266 1011 1327 summi

70 1338 141 1398 boni
155 1341 180 1397 :'’
205 1350 309 1414 estque
323 1347 405 1395 actus
419 1336 516 1395 vitalis
536 1338 574 1395 ab
598 1335 697 1394 anima
708 1337 883 1414 procedens,
904 1341 948 1399 uti
962 1364 1006 1403 os-

69 1416 168 1476 tendit
179 1420 208 1477 S.
223 1419 326 1475 Thom.
341 1428 394 1475 art.
410 1425 439 1475 Ξ.
455 1429 486 1475 et
497 1425 525 1476 3.

112 1497 154 1555 ΙΙ.
177 1500 264 1567 Nota,
279 1497 360 1575 qudd
371 1508 464 1555 status
477 1495 670 1556 beatitudinis
682 1495 769 1574 plura
783 1499 1001 1579 complectatur,

73 1576 182 1636 scilicit
195 1577 254 1635 Dei
268 1579 422 1643 visionem,
435 1594 564 1634 amorem
577 1575 759 1646 fruitionem,
774 1579 929 1653 gaudium,
953 1583 1000 1643 im·

69 1656 304 1736 peccabilitatem
319 1669 350 1715 et
362 1652 613 1735 perpetuitatem}
629 1667 659 1715 et
671 1656 740 1714 ideo
754 1657 909 1736 Scriptura
920 1663 999 1726 Sacra

69 1737 282 1795 beatitudinem
296 1738 435 1814 exprimit
448 1757 501 1814 per
522 1736 653 1794 diversos
676 1747 769 1802 actus,
795 1757 878 1799 nunc
891 1743 994 1819 gandii,

69 1828 103 1876 ut
116 1819 200 1876 Matt
210 1837 274 1895 cap.
290 1825 339 1877 25.
354 1838 381 1875 v.
397 1825 446 1888 21,
464 1825 483 1851 “
496 1817 579 1876 Intra
588 1818 621 1874 in
634 1817 779 1894 gaudium
794 1818 918 1879 Domini
932 1824 994 1895 tui,''

65 1917 147 1958 nunc
168 1897 297 1968 visionis,
322 1908 356 1956 ut
370 1907 392 1955 Ι.
404 1898 424 1957 J
426 1917 490 1956 oan.
500 1914 565 1975 cap.
576 1904 604 1957 3.
619 1917 647 1956 ν.
661 1906 691 1956 2.
712 1904 733 1930 “
747 1896 924 1960 Videbimus
936 1923 992 1963 eun

68 1988 88 2044 f‘
97 1977 184 2036 sicuti
197 1981 268 2037 est''

107 2059 143 2117 In
157 2069 295 2135 quoactu
309 2057 502 2116 essentialiter
514 2056 645 2115 beatndo
658 2054 790 2116 formalis
804 2059 960 2120 consistit?

106 2137 166 2196 Ill.
180 2140 215 2196 R.
231 2139 336 2197 Scotus
358 2140 424 2196 vult
437 2157 501 2195 eam
516 2137 675 2195 consistere
698 2136 729 2193 in
753 2148 820 2196 actu
842 2139 994 2202 voluntatis

25 2278 31 2286 ,
65 2237 119 2274 ¹sen
136 2237 253 2278 amore:
276 2228 306 2275 at
320 2216 503 2276 communior
527 2217 759 2276 sententiosum.
776 2219 806 2277 S.
822 2219 929 2280 Thom.
953 2222 994 2285 hle

66 2308 120 2356 art.
130 2305 159 2367 4,
174 2317 239 2357 eam
259 2299 413 2356 constituit
426 2298 458 2355 in
468 2308 536 2356 actu
549 2293 726 2367 intellectis,
740 2298 830 2371 ,clari
843 2307 950 2380 nempe.
972 2319 996 2365 et

66 2376 204 2436 intuitivd
222 2378 279 2436 Dei
301 2378 436 2448 visione3
462 2377 532 2455 quia
545 2377 699 2436 beatitudo
713 2377 844 2437 formalis
868 2391 913 2439 est
933 2403 994 2462 pos·

66 2458 142 2517 sesio
151 2477 202 2517 seu
214 2459 410 2537 apprehensio
421 2457 528 2518 summi
541 2457 630 2517 boni:
656 2456 713 2516 hoo
725 2469 821 2516 autem
835 2459 871 2517 fit
883 2482 938 2539 per
956 2464 996 2520 in·

63 2536 235 2610 tellectum;
259 2539 329 2617 quia
342 2539 510 2597 intellectus
524 2536 561 2595 de
576 2558 607 2596 se
632 2549 677 2596 est
700 2539 936 2617 apprehensivus
951 2564 997 2602 seu

65 2621 237 2678 attractivus
246 2619 364 2698 objecti,
380 2618 510 2679 sistendo
523 2617 599 2676 illud
614 2617 669 2676 sibi
679 2637 809 2696 praesens
821 2643 827 2679 :
841 2621 998 2682 voluntatis

65 2702 134 2755 vero
148 2711 232 2758 actus
241 2719 302 2757 non
313 2711 360 2758 est
381 2701 451 2758 boni
472 2697 625 2776 possessio,
649 2698 702 2755 sed
715 2698 829 2757 tannim
844 2702 875 2759 in
887 2702 999 2762 bonum

64 2777 225 2838 inclinatio.
265 2780 384 2838 Deinde
394 2781 426 2839 in
440 2800 474 2838 eo
488 2779 577 2836 debet
590 2779 730 2837 constitui
750 2781 877 2841 essentia
892 2803 930 2841 ex
942 2805 999 2862 quo

65 2868 171 2916 caetera
179 2858 352 2935 profluunt:
367 2861 459 2939 atqui,
474 2870 529 2917 etc.

104 2937 136 2997 Si
150 2939 216 3015 quis
231 2959 302 3016 ergo
325 2941 423 2998 Deum
439 2940 515 2999 olere
529 2936 653 3008 videret,
676 2949 707 2996 et
720 2957 788 2998 eum
802 2960 864 3000 non
875 2955 998 3014 amaret,

64 3020 127 3078 isne
139 3017 217 3077 foret
235 3019 359 3079 beatus?

102 3098 139 3158 lt.
155 3097 286 3174 Quidam
300 3100 623 3179 negantsuppositum3
644 3097 716 3176 quia
735 3096 839 3158 videns
860 3101 999 3164 intuitive

17 3184 19 3188 ’
64 3178 163 3237 Deum
178 3199 327 3239 summum
337 3183 459 3253 bonum,
474 3201 542 3239 eum
555 3177 718 3238 necessarii)
732 3191 818 3237 amat.

102 3259 164 3317 Alii
177 3259 291 3330 dicunt,
301 3260 392 3320 talem
400 3260 593 3321 essentialiter
607 3278 657 3317 seu
672 3258 839 3319 radicaliter
853 3263 918 3323 lore
930 3267 999 3325 bea·

63 3350 137 3409 tum,
149 3340 285 3417 quamvis
294 3359 353 3398 non
363 3342 471 3400 habeat
482 3350 591 3436 stffum
604 3339 797 3398 beatitudinis
808 3365 817 3414 3
841 3344 912 3423 quia
926 3346 1001 3407 visio

64 3417 122 3476 Dei
136 3420 220 3479 radix
232 3432 286 3491 est,
297 3442 333 3480 ex
349 3431 407 3501 qut
423 3443 513 3493 amor,
529 3420 682 3500 gaudium,
704 3430 759 3480 etc.
774 3422 937 3499 profluunt„

551 3503 564 3526 1
