2160 4072
93 110 160 175 ³78
463 132 669 177 narraras

95 287 224 353 quaest
238 275 335 334 omnis
348 274 489 353 potestas,
503 278 623 338 dicente
636 276 758 339 Christo
773 279 851 339 Luc.
876 296 942 357 cap.
956 286 996 339 1⁰.
1006 298 1026 339 t.

99 356 144 415 16.
168 362 188 389 ‘¹
203 357 266 430 Qui
277 377 332 415 vos
345 357 471 435 spernit,
492 379 541 416 me
554 359 695 437 spernit.”

137 435 261 495 Dictum
277 447 323 496 est
333 444 353 471 “
366 458 402 496 ex
418 448 592 517 contemptu
604 438 749 509 formali?
771 450 809 499 ut
823 439 1032 518 distinguatori

97 528 271 596 contemptu
286 519 432 576 materiali
445 538 499 577 seu
521 517 758 596 interpretativa
774 521 831 598 qui
848 540 885 579 re
940 520 1033 580 ‘urin
1053 519 1080 557 ⁸*

97 598 314 677 omnipeccato
322 598 451 670 mortali,
466 599 520 658 sed
532 619 594 658 non
608 600 765 660 constituit
779 532 1034 680 speciniirtmetdir·
1065 586 1079 637 ·¹

97 676 225 738 tinctum
239 690 405 758 peceatum.
1027 712 1030 717 ·
1058 730 1079 753 .„

141 759 202 818 Ill.
220 759 328 819 Verirm
342 772 533 838 contemptus
546 760 682 820 formalis
692 771 738 820 est
751 761 887 841 speciale
898 772 1034 841 peecatum
1068 762 1079 798 ²

100 836 272 897 distinctum
288 841 303 895 i
317 841 551 919 transgressione
563 839 659 918 legis:
683 840 758 900 adeo
770 852 806 900 ut
820 841 939 920 duplex
951 860 1035 921 penca·

100 928 161 1053 pum
175 920 349 1055 cpmmittat,
370 921 423 998 qui
437 921 509 981 facit
521 932 680 1000 peccatum
694 920 819 1000 aliquod
829 941 870 981 ex
880 932 1036 1001 contemptu
1066 968 1076 978 .

114 1017 197 1055 orma
210 1018 229 1057 1.
1074 1030 1078 1037 ·

142 1079 250 1136 Contra
261 1082 349 1156 quam
365 1083 506 1141 virtutem
520 1092 565 1141 est
575 1081 626 1141 hic
640 1087 854 1160 contemptus?

120 1180 123 1185 ·
143 1159 176 1216 R.
193 1159 224 1217 Si
234 1158 385 1237 legislator
398 1174 451 1221 aut
463 1162 638 1242 praecipiens
651 1163 689 1221 sit
704 1163 800 1232 Deus,
813 1173 860 1222 est
874 1174 977 1224 contra
992 1165 1039 1223 rir-

103 1248 198 1297 tutem
214 1240 397 1317 Religionis3
411 1244 436 1301 si
451 1244 511 1301 sint
525 1244 674 1313 Parentes,
688 1252 734 1301 est
747 1252 854 1302 contra
868 1243 1038 1322 pietatemet
1064 1300 1068 1309 .

103 1320 339 1383 observantiam:
351 1325 376 1382 si
387 1323 447 1382 siut
459 1322 509 1382 alii
521 1323 704 1401 Superiores,
715 1333 762 1381 mt
773 1335 884 1383 contra
896 1326 1039 1384 obserm

102 1399 184 1459 tiam.
235 1402 431 1482 Contemptus
463 1404 513 1465 hie
540 1404 696 1464 reducitur
728 1403 768 1462 ad
799 1405 1039 1464 circumstantiam

105 1487 125 1513 “
138 1482 314 1558 quomodo.''

144 1563 341 1634 Quandonam
356 1578 492 1627 censetur
506 1566 573 1645 quis
586 1584 675 1644 agere
688 1584 726 1625 ex
739 1574 920 1645 contemptu
940 1564 1039 1625 formali

105 1643 180 1720 legis
194 1655 246 1701 aut
258 1643 458 1721 legislatoris?

146 1722 199 1781 lV.
226 1725 260 1782 R.
273 1725 403 1797 Quando
424 1729 488 1805 agit
501 1726 612 1786 directe
632 1736 662 1785 et
676 1730 815 1804 expresse
829 1737 938 1786 contra
960 1726 1041 1805 legen

104 1814 156 1861 aut
165 1815 349 1882 praeceptum
364 1807 441 1877 ideo,
456 1808 527 1886 quia
536 1817 720 1887 preceptum
734 1819 789 1878 est,
805 1807 854 1866 vel
867 1808 941 1886 quia
953 1809 989 1866 ab
999 1807 1044 1865 hoe

105 1883 264 1962 Superiora
277 1885 411 1965 legitimo
420 1899 603 1966 praeceptum
618 1898 663 1946 est
667 1911 676 1959 ;
685 1897 718 1945 ut
728 1888 753 1946 si
763 1887 832 1966 quis
848 1887 973 1958 diceret,
987 1886 1043 1960 quia

109 1966 247 2024 Parentes
260 1979 310 2025 aut
321 1970 495 2046 Superiores
507 1970 566 2026 mei
580 1966 638 2025 hoe
650 1967 724 2025 mihi
736 1967 971 2046 prohibuerunt,
990 1967 1043 2024 ideo
1073 2008 1076 2045 ;

105 2050 241 2123 expresse
256 2047 370 2108 faciam.
416 2049 499 2107 Idem
514 2061 567 2118 cst,
583 2048 607 2105 si
622 2049 824 2121 Quesnellista
837 2050 910 2107 ideo
923 2051 1042 2127 expressi
1073 2048 1076 2091 i

104 2125 185 2202 legat
207 2126 318 2186 librum
343 2130 526 2207 prohibitum
540 2128 707 2201 Quesnelli‚
731 2129 801 2207 quia
817 2131 960 2188 Pontifex
974 2129 1041 2186 illum

105 2206 268 2282 prohibuit.
908 2226 915 2243 ’

147 2287 185 2347 V.
197 2287 345 2347 Ulteriora
355 2291 465 2350 indicia
475 2287 903 2368 contemptusformalistradit
915 2290 945 2349 S.
954 2290 1041 2346 Franc.

107 2365 253 2427 Salesius:
282 2370 432 2441 nimirum,
462 2372 485 2430 si
501 2371 639 2430 subditus
663 2369 866 2446 correptiones
888 2371 1011 2438 irrideat,
1022 2368 1040 2424 si

105 2447 178 2506 alios
191 2448 229 2505 ad
244 2449 321 2508 idem
337 2463 491 2529 peccatum
505 2473 543 2510 ex
557 2452 699 2528 despectu
715 2449 886 2526 Superioris
900 2449 1012 2517 alliciat,
1023 2447 1040 2504 si
1068 2446 1075 2498 ἓ

106 2529 296 2604 pertinaciter
316 2532 482 2609 praetendat
508 2544 691 2610 praeceptum
716 2548 778 2587 esse
803 2530 952 2607 injustum
976 2526 1040 2607 quod
1068 2552 1075 2562 ··

107 2611 208 2685 aperti
219 2624 249 2669 et
262 2614 374 2670 notorie
383 2613 499 2690 justum
510 2625 555 2671 est
567 2635 575 2682 ;
589 2613 659 2670 item
673 2610 696 2667 si
709 2630 745 2667 ex
756 2611 975 2668 consuetudine
987 2627 1039 2687 per·
1067 2609 1074 2643 ’·’

108 2703 222 2749 severet
236 2692 298 2749 sine
307 2693 458 2751 voluntate
469 2691 691 2758 emendationis,
703 2691 841 2767 quamvis
849 2691 1037 2754 admoneatur,
1068 2691 1074 2722 ί

108 2780 196 2846 atque
209 2772 265 2830 hoc
279 2792 348 2831 casu
363 2772 532 2850 frequentia
544 2772 657 2850 peccati
672 2771 843 2848 dispositive
859 2772 977 2829 inducit
985 2787 1038 2827 con·
1069 2774 1074 2801 ³

108 2859 263 2926 temptum,
281 2853 368 2930 juxta
391 2853 466 2912 illud
482 2855 622 2911 Proverb.
646 2871 709 2928 cap.
735 2858 781 2908 18.
797 2872 827 2909 v.
844 2860 873 2912 3.
897 2850 1038 2927 “Impius
1071 2922 1073 2933 Ι

109 2935 129 2961 “
143 2929 207 2986 cium
228 2932 259 2987 in
281 2932 465 3008 profundum
500 2934 615 2992 venerit
636 2942 836 3010 peccatorum,
866 2929 1039 2992 contemnit.”
1072 2952 1074 2959 ·

109 3008 186 3067 Vide
201 3011 230 3067 S.
243 3011 299 3070 Th.
311 3022 338 3071 2.
353 3021 380 3072 ⁶2.
397 3014 578 3091 quaest.186.
594 3024 647 3071 art.
663 3011 738 3081 9.ad
751 3017 778 3067 3.

148 3091 205 3147 Vl.
220 3094 415 3170 Contemptus
429 3095 560 3152 formalis
571 3094 659 3151 etiam
669 3091 784 3166 concipi
793 3103 896 3167 potest
905 3093 981 3151 circa
992 3088 1038 3154 illa,

109 3191 175 3248 quae
189 3183 258 3230 sunt
272 3173 386 3231 consilii
400 3179 526 3244 tantum,
550 3173 595 3232 vel
608 3195 673 3251 quae
685 3181 755 3229 sunt
769 3171 947 3250 simpliciter
958 3173 1038 3236 boua;

109 3261 141 3307 ut
156 3254 179 3309 si
194 3254 260 3329 quis
282 3266 456 3330 aspernetur
481 3267 588 3313 statum
611 3251 753 3312 eastitatis
776 3251 854 3322 ideo,
875 3254 947 3331 quia
970 3254 1037 3309 esti

109 3330 227 3391 Christo
237 3334 469 3404 commendatus,
486 3336 531 3393 vel
544 3335 614 3412 quia
622 3345 665 3391 est
679 3334 753 3390 inse
766 3333 874 3391 bonus.

148 3416 198 3471 An
212 3434 328 3491 semper
341 3415 425 3473 adest
437 3416 569 3475 formalis
582 3422 781 3492 contemptus,
793 3412 868 3471 dum
879 3414 947 3493 quis
961 3409 1039 3472 scieu-

108 3503 152 3550 ter
166 3495 227 3571 agit
242 3506 344 3552 contra
356 3494 477 3573 legem?

148 3577 183 3634 R.
200 3576 228 3631 N
231 3595 275 3652 eg.
293 3576 333 3632 sic
346 3588 444 3652 potest
463 3577 530 3654 quis
545 3576 639 3634 sciens
653 3584 682 3632 et
697 3574 800 3632 volens
813 3574 935 3632 mentiri
945 3571 1041 3651 jocosi,

107 3668 136 3715 et
149 3676 208 3714 non
220 3674 343 3733 peccare
354 3658 411 3715 uisi
427 3657 599 3726 venialiter;
621 3657 645 3714 si
658 3674 768 3732 nempe
781 3655 875 3713 inilia
889 3653 951 3713 sola
963 3661 1041 3741 mate·

96 3738 142 3799 ria
170 3739 315 3801 sistatur:
348 3737 444 3799 multis
474 3738 578 3798 minus
609 3744 765 3812 reputatur
794 3734 900 3792 adesse
923 3730 1043 3790 formalis
