2160 4072
225 122 271 166 nn
295 122 338 166 ss.
363 122 560 168 rerurrsrn
715 166 721 175 ,
841 108 885 173 88

94 284 144 327 ure
156 271 275 329 tentius
283 267 352 328 dure
361 279 441 341 sunt,
455 269 623 364 intelligere
634 269 747 329 seilicet
755 282 786 329 et
796 273 883 333 velle.

55 345 64 359 ‘
131 347 336 425 processiones
349 358 419 409 sunt
438 349 606 410 immedms
619 366 674 429 per
696 349 883 413 intellectum

53 436 187 486 intutem.

53 505 193 586 listingui
214 507 304 568 debet
316 508 429 588 duplex
441 511 567 571 actionis
577 509 768 589 principium,
787 530 883 589 upum

53 597 78 645 st
92 598 139 646 est
153 591 340 668 suppositum
353 607 406 649 seu
418 591 548 651 Persona
617 609 702 650 rans:
718 591 800 651 aliud
814 613 878 671 quo,

53 666 141 738 illud,
165 689 226 747 quo
251 670 379 729 Persona
393 681 548 750 operatur:
599 690 634 729 oc
647 680 747 730 autem
771 672 822 731 vel
836 686 882 735 est

53 751 156 820 ›tum,”
169 769 231 827 quo
244 750 357 810 scilicet
370 751 438 829 quis
459 751 585 811 mediati
598 761 714 809 tantum
729 765 880 831 operatur,

53 828 307 925 roximumss’quo
317 830 384 907 quis
397 830 565 890 immediate
576 841 715 909 operatur
726 855 736 904 3
751 832 794 892 sic
808 832 882 894 dum

53 908 197 993 ntelliglt,
221 910 405 989 principium
429 911 502 1005 qaod
521 921 566 970 est
584 910 881 991 homozprincipium

53 996 147 1046 notum
165 1001 214 1050 ’est
233 990 298 1071 ejus
311 1001 417 1051 natura
436 990 629 1062 intellectiva,
657 1002 688 1052 et
699 992 881 1073 principium

53 1067 174 1138 mimum,
188 1071 253 1150 ejus
266 1070 444 1131 intellectus.
486 1072 545 1131 His
553 1071 670 1143 notatis,

53 1146 224 1209 Secundum
244 1170 355 1223 omnes,
368 1150 551 1292 prindgium
575 1151 880 1231 quodprocessionuur

53 1246 164 1289 ersonae
184 1231 393 1310 producentes,
420 1232 462 1292 sci
486 1244 532 1292 cet
552 1232 683 1292 Persona
699 1234 796 1294 Patris
817 1254 880 1295 res·

53 1307 123 1380 iilii,
133 1311 263 1370 Persona
269 1312 403 1372 Patriset
412 1311 760 1393 FiliirespeetuSpirltils
769 1313 878 1378 Sancti.

53 1391 196 1469 Plerique
204 1392 395 1471 conveniunt,
404 1393 485 1473 qudd
492 1393 676 1475 principium
703 1412 737 1451 uo
750 1403 881 1454 remotum

53 1490 107 1530 ura
120 1468 223 1532 diuina
243 1469 412 1552 intelligens
435 1484 488 1534 aut
513 1473 626 1533 volens.
695 1473 800 1533 andem
827 1495 881 1553 quo

53 1572 100 1608 um
124 1563 155 1611 et
176 1553 382 1614 immediatum
405 1554 710 1620 suutiutellemuset
722 1553 879 1624 voluntas,

53 1644 205 1693 :onnotant
217 1634 373 1695 relationes
395 1634 584 1695 Paternitatis
597 1647 627 1694 ct
641 1634 817 1715 spirationis
831 1652 879 1694 ac·

53 1713 163 1791 uqudm
177 1714 361 1775 conditiones
374 1716 560 1777 necessarias.

53 1814 83 1852 re
105 1793 200 1854 Filius
221 1796 252 1854 in
273 1796 383 1855 divinis
401 1815 461 1856 nou
487 1792 628 1875 producit
651 1795 742 1855 alium
756 1792 877 1866 Filium,

53 1875 130 1933 lbeat
142 1875 280 1935 eumdem
292 1896 361 1936 cum
372 1878 460 1936 Patre
472 1874 680 1936 intellectum?
850 1929 852 1936 .

53 1955 112 2025 luia
125 1955 302 2035 intelligere,
315 1967 408 2035 prout
421 1958 511 2017 estin
525 1956 612 2022 Filio.
621 1970 683 2014 non
696 1951 879 2033 estamplius

53 2035 331 2117 lum3edquddipsi
341 2037 411 2096 Filii
421 2036 618 2131 productione
628 2033 878 2107 siamindiosm,

53 2126 116 2174 tum
136 2136 191 2194 per
212 2119 332 2178 termini
351 2117 459 2176 infinrti
471 2117 706 2199 productionem,
730 2112 798 2175 edm
819 2134 879 2174 nna
899 2124 908 2151 r

53 2216 89 2254 on
102 2197 249 2281 producat
258 2198 315 2257 nisi
329 2218 423 2258 unum
436 2198 597 2258 terminum
611 2197 814 2335 “doegumm‘
830 2194 878 2255 Ex

55 2277 170 2337 ratione
178 2279 365 2358 intelligitur,
377 2278 526 2359 quomodo
537 2276 666 2358 Spiritus
702 2287 807 2336 anetus
816 2296 877 2335 non

53 2376 196 2418 tenerare.

53 2407 111 2495 ἶν’
125 2439 318 2518 iutelligere,”
329 2438 413 2520 quasi
434 2439 623 2499 notionaliter
642 2430 797 2516 acceptum
821 2456 877 2515 pro

53 2522 97 2588 c,”
114 2538 168 2585 seu
185 2518 380 2599 intelligendo
399 2520 438 2579 ali
460 2520 521 2580 uod
545 2521 679 2578 Verbum
700 2517 875 2595 exprimere,

53 2600 82 2658 it
96 2595 151 2657 soli
167 2601 261 2674 Patri,·
290 2601 342 2661 sed
356 2602 453 2660 “inte
477 2598 576 2679 igere''
597 2594 800 2667 essentialiter,
822 2616 874 2657 seu

53 2679 74 2736 ςὲ
88 2691 251 2758 sumptum,
266 2691 310 2740 est
323 2700 478 2741 commune
488 2680 585 2739 tribus
605 2677 749 2737 l'ersonis.

53 2760 123 2819 liter
151 2760 279 2839 Spiritus
294 2762 430 2832 Sanctus,
452 2761 595 2838 -quamvis
608 2757 716 2817 habeat
738 2757 873 2817 eamdem

53 2849 110 2900 stre
124 2851 154 2900 et
165 2841 243 2900 Filio
257 2840 449 2912 voluntatem,
463 2858 524 2899 non
537 2839 677 2920 producit
694 2838 786 2897 aliurn
809 2838 876 2918 Spi-

72 2920 143 2999 quia
155 2921 223 2980 velle
236 2923 268 2979 in
281 2922 347 3001 ipso
359 2940 420 2980 non
433 2922 524 2981 habet
536 2920 680 2980 rationem
695 2919 873 2997 spirationis,

53 3021 63 3057 r
75 3014 120 3060 est
132 3001 307 3062 foecundum
319 3027 329 3075 3
354 3001 421 3062 edm
440 3014 532 3082 prout
545 3001 633 3060 estin
646 3001 733 3059 Patre
744 3010 774 3058 et
787 2998 873 3070 Filio,

53 3082 183 3142 >duxerit
189 3082 378 3161 adaquatum
389 3093 420 3141 et
426 3082 606 3160 completum
614 3079 874 3154 suumterminum,

53 3161 152 3223 scilicit
167 3163 311 3241 Spiritum
325 3164 476 3225 Sanctum.
685 3224 687 3235 Α

65 3244 149 3302 Inter
158 3242 292 3302 homiues
306 3243 385 3302 filius
394 3253 492 3322 potest
504 3261 647 3321 generare
661 3238 752 3299 alium
767 3237 876 3296 filium:

53 3335 89 3383 lc.

53 3407 105 3483 eg.
133 3401 252 3483 conseq,
280 3403 417 3475 dicendo,
445 3402 526 3482 qudd
550 3402 628 3470 inter
648 3399 781 3458 homines
795 3395 874 3455 tilius

53 3485 218 3564 potentiam
232 3485 444 3563 generativam,
465 3494 662 3559 naturamque
683 3479 800 3538 dPatre
813 3474 874 3536 dis·

62 3565 119 3626 sed
134 3565 231 3624 Filius
246 3566 305 3624 Dei
319 3564 479 3623 nonhabet
491 3574 637 3630 naturam,
656 3578 754 3639 neque
763 3556 874 3619 intelli-

53 3645 184 3708 unctas
198 3657 305 3705 natura
319 3657 348 3704 et
359 3643 527 3722 intelligere
538 3643 597 3703 Dei
610 3641 712 3701 Patris.
