2152 4066
80 107 147 169 410
461 115 662 163 rnncrarus

127 268 199 346 0bj.
215 265 271 325 ιν.
299 271 320 299 a
333 266 369 323 ln
382 263 484 324 dusiis
498 262 663 321 meliorest
676 259 989 338 conanopoemsn»
1014 236 1067 343 ,By

81 361 118 409 nt
131 348 223 407 habet
233 346 339 424 regula
352 344 400 407 65.
412 346 491 424 juris
504 346 536 401 in
550 343 580 403 6.
602 342 688 420 atqui
702 342 890 419 supponitur
900 342 943 400 lex
956 366 994 408 m
1015 312 1063 387 *ὁ

80 429 178 487 dubia
187 438 218 485 et
230 427 378 503 possessio
400 424 546 485 libertatis
560 434 661 483 certa:
687 442 763 499 ergo
776 421 809 478 in
824 421 916 479 dubio
932 438 998 501 pu
1018 410 1067 465 Ψ(

81 512 174 568 homo
186 506 271 583 sequi
286 526 370 565 suam
382 506 551 564 libertatem
562 516 664 563 eontra
677 514 882 581 proseptum.
1021 480 1060 545 ‘b

124 590 161 646 R.
178 587 302 646 Falsum
317 606 390 655 esse,
406 586 487 664 qnod
500 586 531 642 in
552 604 621 643 essu
634 584 781 662 precepti
793 581 1009 659 dubiiposoen‘s·

86 668 233 727 libertatis
247 668 391 725 secero:
421 666 571 741 (intellige
584 666 754 723 libertatem
769 662 917 721 moralem
929 664 1003 723 orn
1025 654 1067 745 ’,ἦ

86 753 231 807 bertatem
242 747 281 804 ab
294 748 482 805 observantia
493 747 582 825 legis)
597 745 708 803 etenim
722 744 800 801 dum
814 743 868 801 lex
882 742 1007 817 estdub'r,
1028 740 1058 785 ὖ

87 829 214 887 dubium
225 826 314 885 etiam
329 838 383 897 est,
397 839 443 884 ¹an
454 826 523 903 lege
535 846 596 883 non
608 836 722 895 tenear,
738 824 880 900 adeoque
893 841 931 880 an
941 825 1017 899 posa'..
1043 801 1067 858 Η

84 910 172 966 (leam
185 926 280 963 meam
290 907 455 965 libertatem
467 930 476 977 ;
492 926 565 983 ergo
577 916 685 983 petunt
699 904 915 963 Probabilistae
925 903 1013 981 prini.
1033 897 1067 943 ἶ

87 989 181 1065 pium,
205 986 279 1045 dum
293 985 398 1046 dicunt
420 988 636 1065 possessionem
658 985 809 1045 libertatis
830 1003 898 1043 esse
917 994 1014 1055 estun,
1035 978 1067 1051 ἦ

87 1068 160 1125 dum
174 1068 223 1125 lex
237 1078 282 1125 est
303 1068 408 1126 dubia.
1038 1060 1067 1117 ’ἶ

125 1150 164 1205 X.
182 1150 217 1207 R.
233 1148 276 1207 2⁰.
300 1148 415 1225 Regula
429 1148 611 1225 illaproprie
634 1149 747 1206 tantirm
772 1147 878 1205 locum
902 1144 1018 1205 habetis
1040 1142 1067 1205 F

85 1227 339 1304 nrateriajustitiae
353 1229 433 1286 circa
446 1228 577 1286 dominia
589 1248 699 1299 rerum,
714 1228 878 1304 solrimque
891 1225 1018 1303 signifiat·
1045 1208 1067 1303 ,ς

85 1320 143 1375 tur,
159 1306 239 1383 qubd
251 1309 397 1384 possessio
410 1311 523 1367 tribuat
533 1308 654 1385 aliquod
669 1318 887 1385 argumentum
902 1325 957 1384 pro
966 1326 1019 1383 pos-
1046 1304 1067 1347 ²²

85 1387 211 1457 sidente,
226 1390 363 1464 quamvis
375 1409 435 1447 non
449 1408 566 1467 semper
576 1399 689 1447 certum
701 1402 731 1446 et
743 1388 918 1447 sufficiens:
932 1387 1019 1445 meriti

85 1468 164 1525 enim
175 1468 472 1543 presumiturmeum
482 1489 555 1541 esse,
566 1469 646 1545 quod
657 1469 740 1545 apud
750 1478 860 1526 ineest
870 1490 881 1538 ;
892 1465 1021 1525 namliolt
1062 1527 1067 1533 ,

86 1549 266 1607 eontrarium
275 1549 507 1627 evenireposset,
518 1547 703 1607 communitis
712 1559 813 1606 tamen
826 1545 1023 1623 unusquisque

85 1648 148 1685 reni
159 1648 252 1697 suam,
267 1648 328 1686 non
341 1630 423 1707 apud
435 1630 517 1699 alios,
533 1628 585 1688 sed
594 1629 676 1705 apud
692 1649 723 1687 se
738 1637 924 1687 conservat:
938 1627 1023 1704 ioque
1054 1627 1067 1664 ⁵

84 1709 115 1764 in
127 1708 248 1766 materia
258 1709 383 1785 justitias
401 1710 597 1788 praesumptio
611 1720 669 1767 stat
682 1730 738 1787 pro
750 1726 940 1787 possessore.
951 1718 1024 1765 etet-
1057 1710 1067 1743 ⁵

86 1790 171 1846 tenirs
196 1787 299 1847 melior
314 1801 359 1848 est
373 1790 506 1848 conditio
530 1790 717 1867 possidentis.
760 1789 878 1847 Verum
899 1788 932 1845 in
946 1787 1036 1845 dubio.
1059 1790 1067 1811 ·'

87 1869 125 1925 de
148 1869 225 1946 lege,
252 1871 398 1946 possessio
410 1871 555 1929 libertatis
574 1871 839 1948 presumptionem
865 1869 956 1937 haue,
969 1886 1025 1945 que

88 1950 217 2007 libertati
231 1950 321 2019 favet,
344 1952 442 2009 facere
462 1971 523 2009 non
536 1962 655 2030 potest;
675 1962 705 2009 et
727 1952 771 2009 ita
785 1950 839 2027 qui
855 1949 981 2008 dubint-
995 1967 1026 2005 su

86 2032 217 2087 sonuerit
231 2029 407 2090 duodecima
428 2033 504 2090 inter
525 2033 628 2089 feriam
643 2032 777 2109 quintam
799 2042 829 2089 et
857 2044 984 2099 sextam,
997 2048 1026 2085 er
1064 2068 1067 2084 .

87 2111 268 2185 possessione
281 2111 426 2170 libertatis
436 2134 497 2170 suae
508 2113 621 2170 nullam
632 2113 740 2170 habere
748 2121 851 2189 potest
866 2129 1026 2189 praesump-
1065 2161 1067 2167 ,

85 2192 195 2248 ιέοηθιιι
212 2189 249 2247 de
263 2192 305 2249 rei
320 2193 453 2261 veritate,
478 2193 509 2250 id
525 2204 578 2263 est,
593 2193 674 2267 quiid
695 2191 795 2268 potiris
810 2212 875 2249 non
890 2190 1026 2257 sonuerit,

83 2276 171 2345 quim
185 2270 266 2347 quud
281 2274 414 2331 sonuerit
428 2273 613 2341 duodecima,
633 2273 820 2349 proindeque
830 2272 917 2350 quod
932 2290 1027 2330 carues

83 2351 238 2409 ernnedere
251 2353 362 2429 possit;
390 2365 420 2411 et
433 2373 504 2411 vero
517 2352 662 2411 ridiculus
675 2353 762 2431 plane
778 2354 858 2410 foret
874 2354 928 2430 qui
943 2353 1027 2410 inter·

86 2442 215 2505 rugatus
223 2452 276 2490 cur
284 2433 387 2492 credat
394 2434 601 2491 duodecimam
610 2454 669 2491 non
679 2435 822 2501 sonuisse,
834 2432 1028 2510 responderet

86 2534 116 2567 se
129 2512 162 2568 id
177 2513 307 2583 eredere,
323 2515 392 2591 quia
406 2515 529 2585 reflexit,
544 2534 575 2572 se
589 2514 740 2592 possidere
756 2533 839 2571 suam
851 2513 1026 2570 libertatem.
1065 2566 1067 2590 Ι

126 2595 227 2669 Atque
248 2594 318 2653 hinc
333 2596 421 2653 etiam
435 2596 564 2654 refutata
583 2607 683 2652 manet
703 2594 822 2652 illorum
836 2594 954 2670 opinio,
982 2592 1027 2670 qui
1065 2594 1067 2659 ἔ

85 2693 121 2726 ex
136 2674 259 2747 praefata
283 2677 388 2752 regula
411 2675 524 2745 volunt,
549 2676 764 2753 possessionem
788 2684 869 2731 stare
884 2694 943 2751 pro
958 2673 1027 2750 lege,

85 2752 161 2808 hane
175 2754 318 2831 obligare,
334 2756 405 2813 dum
421 2767 537 2814 constat
550 2756 588 2813 de
601 2755 678 2833 lege,
707 2768 737 2814 et
750 2755 911 2812 dubitatur
926 2754 966 2811 de
987 2772 1026 2822 eo,

86 2850 139 2905 per
151 2834 232 2906 quod
257 2836 373 2894 tollitur
395 2836 539 2912 obligatio
552 2836 646 2913 legis;
670 2839 685 2894 ὲ
700 2847 802 2893 contro
814 2834 1028 2911 possessiouem

86 2922 162 2968 stare
176 2933 232 2989 pro
245 2915 382 2974 libertate
408 2928 437 2974 et
451 2918 580 2976 eximere
595 2919 610 2973 i
625 2917 702 2994 lege,
721 2917 792 2974 dum
812 2927 932 2973 constat
946 2915 985 2973 de
997 2912 1027 2971 li·

84 2992 198 3051 bertate
212 3004 241 3052 et
253 2995 408 3055 dubitatur
422 2998 460 3054 de
474 3018 518 3068 eo,
543 3018 598 3075 per
617 2998 698 3075 quod
712 2995 867 3054 inducitur
890 2995 1029 3073 obligatio
1065 3056 1067 3067 ¹

84 3071 169 3147 legis,
184 3086 219 3132 ut
230 3076 261 3133 in
273 3079 410 3154 exemplo
424 3098 493 3134 mox
504 3078 643 3137 adducta.

122 3154 173 3244 dd
185 3155 383 3233 objectionem
398 3158 457 3215 dici
472 3159 560 3216 etiam
574 3170 682 3236 potest,
698 3179 735 3216 ex
746 3158 812 3234 ipsa
825 3157 937 3235 regula
958 3156 1029 3235 juris

83 3238 178 3307 potrus
188 3237 281 3312 sequi,
295 3241 510 3313 possessionem
525 3260 588 3297 esse
603 3251 705 3298 contra
719 3239 890 3295 libertatem
904 3235 1030 3295 bominis

80 3324 109 3367 et
125 3324 202 3373 stare
212 3336 268 3394 pro
278 3318 354 3394 lege,
367 3319 471 3376 saltem
483 3320 555 3377 dum
566 3320 665 3397 agitur
676 3321 712 3377 de
723 3319 790 3395 lege
799 3318 934 3376 naturali
946 3342 956 3390 3
971 3318 1029 3374 haec

80 3394 159 3450 onim
174 3395 222 3452 lex
236 3408 281 3454 est
294 3409 408 3456 naturae
421 3399 558 3459 humanae
575 3401 753 3477 congenita;
775 3418 848 3476 ergo
858 3398 948 3456 nullo
959 3410 1029 3456 tem·

79 3493 151 3547 pore
173 3477 334 3535 fuitlromo
358 3480 389 3535 in
416 3483 600 3556 possessione
629 3481 772 3539 libertatis
801 3490 908 3537 contra
928 3479 1029 3543 illam;

79 3555 132 3610 sed
148 3556 213 3631 ipsa
223 3558 272 3615 lex
294 3578 410 3636 semper
424 3561 484 3617 fuit
497 3562 529 3617 in
543 3563 729 3638 possessione
737 3561 875 3618 hominis.

120 3638 191 3713 obj.
219 3641 253 3694 V.
280 3640 374 3697 Juxta
397 3642 532 3718 regulam
551 3651 596 3702 ll.
623 3642 700 3718 juris
714 3643 746 3698 in
761 3642 788 3699 li.
831 3642 938 3699 “Cum
966 3652 1032 3698 sunt

77 3723 96 3746 ·‘
109 3718 242 3795 partium
252 3720 324 3801 jura
344 3722 485 3793 obseura,
498 3740 552 3778 reo
565 3721 738 3777 terendum
750 3730 800 3773 est
814 3719 934 3788 pessos,
957 3723 1050 3784 opem

68 3809 86 3835 ‘·
105 3804 238 3867 aetori.''
