2152 4066
93 90 161 157 164
512 108 716 155 reacrarua

93 277 245 337 nunquam
266 257 425 316 reducetur
445 255 484 314 ad
507 267 616 324 actum,
644 257 701 316 imo
724 276 780 316 nec
799 258 831 316 iu
845 278 937 317 renen
963 250 1069 318 com-'ff¹

94 340 267 416 positorum
282 337 467 415 praescientia
482 337 586 394 reduci
600 348 707 414 puteat.
736 339 878 397 Similiter
905 340 991 398 Deua
1009 341 1065 400 in?

95 429 226 496 ternpore
241 419 334 477 libero.
349 418 462 475 creavit
473 417 618 475 mundum
631 440 641 489 3
666 422 735 478 curn
746 429 846 479 tamen
861 419 1041 497 impossibile

96 510 168 557 esset
187 500 356 557 combinare
370 518 429 563 non
444 498 621 557 creationem
637 499 742 558 mundi
767 519 834 558 curn
848 502 972 559 decreto
985 500 1040 560 Dei

95 591 207 637 aeterno
216 580 254 637 de
264 579 393 637 creando
406 578 527 637 mundo.

137 660 200 738 obj
227 661 287 718 ΙΙΙ.
303 660 386 729 Tadio
411 678 470 716 non
492 658 685 734 estamplius
707 659 890 730 indifferna,
905 658 974 719 crim
989 681 1039 721 vo-

98 741 197 799 luntas
211 741 277 816 ejus
289 740 320 797 in
334 741 474 816 praesenti
490 739 528 796 eit
538 739 734 799 determinata
746 762 755 800 r
768 760 848 817 ergo.
864 752 923 799 etc.

138 822 174 879 R.
190 821 320 897 Disting.
330 831 426 879 antec.
438 839 499 876 non
511 818 1039 896 eatamplidsindifferentindifferen·

96 902 138 958 tit
153 901 291 968 naturali,
305 920 384 978 nego
394 911 489 959 antec.
505 897 703 958 indifferentiu
717 903 825 961 actuali
844 901 980 960 concedo
992 922 1041 960 an·

96 991 155 1039 tec.
171 982 275 1040 veriam
299 980 425 1040 actualis
439 980 646 1039 determinatio
659 1000 719 1041 uon
732 994 821 1041 nocet
843 982 986 1055 libertati,
1009 996 1042 1045 ut

97 1062 210 1121 dictum
226 1074 270 1120 eet
286 1062 322 1120 N.
337 1071 382 1121 15.
961 1069 969 1078 ’
1061 1070 1073 1077 “

139 1142 199 1200 ΙΙΙ.
216 1144 262 1199 Ex
273 1142 319 1200 his
333 1152 425 1219 patet,
450 1139 600 1218 quomodo
612 1140 734 1201 libertas
749 1143 890 1201 consistat
903 1161 973 1201 cum
991 1143 1035 1221 ju·
1054 1150 1057 1155 '

97 1221 176 1280 dicio
190 1221 294 1281 ultimo
316 1223 456 1299 practico,
471 1241 533 1298 quo
556 1221 724 1282 intellectus
737 1223 916 1299 particulare
928 1222 1031 1300 aliquid
1045 1262 1073 1299 e

36 1354 45 1370 ,
99 1302 243 1360 voluntati
258 1304 399 1380 proponit
418 1316 452 1361 ut
464 1302 514 1360 hie
528 1312 558 1358 et
581 1320 662 1360 nuuc
684 1302 878 1379 eligendum
906 1306 1050 1380 quamviri

99 1383 177 1439 enim
190 1383 326 1440 voluntas
341 1381 416 1441 illud
428 1382 576 1460 judicium
592 1401 709 1460 semper
723 1396 874 1460 sequatur,
890 1402 945 1460 per
965 1383 1030 1443 illud
1043 1405 1050 1441 t

99 1462 253 1521 actualiter
263 1463 301 1520 ad
314 1463 464 1536 agendum
478 1461 704 1532 determinetur,
732 1484 790 1521 non
806 1475 967 1522 esttamen
989 1464 1029 1525 de·
1056 1489 1076 1508 -

99 1543 255 1602 terminata
263 1544 446 1612 naturaliter,
453 1543 764 1617 etretinetpotentiam
770 1543 873 1602 adnon
882 1542 1029 1621 agendum.
1044 1564 1052 1600 ε

105 1705 141 1764 u.
159 1711 205 1762 rs.
228 1703 286 1763 ou
309 1704 553 1762 traeuraru
570 1703 973 1764 couraanrcnours
986 1705 1030 1765 tr

379 1783 762 1844 srecrarcarrouls.
974 1824 977 1829 .

102 1944 126 2000 l.
153 1942 284 2000 Libertas
309 1941 543 2034 contradictionis.
587 1943 629 2001 11.
650 1943 788 2034 'Libertus
815 1944 1033 2036 specificationis.
1052 1987 1069 2027 -π

143 2023 201 2081 lli.
218 2022 326 2098 Sufficit
349 2021 466 2080 tubertus
489 2024 716 2080 contradictionis
728 2023 768 2080 od
790 2032 939 2082 cerenicum
962 2023 1034 2082 lider-
1057 2034 1074 2039 ’

138 2103 213 2193 tatis.
256 2102 309 2158 lV.
338 2102 468 2159 Potentia
480 2103 617 2176 percandi
641 2122 694 2160 non
714 2110 754 2159 ert
770 2103 805 2161 de
817 2102 937 2161 errentid
955 2103 1033 2162 tiber-
1057 2096 1066 2109 ¹

140 2189 215 2239 tutta.
1028 2217 1031 2221 -
1054 2190 1057 2199 '

142 2337 350 2397 LIBERTAS
363 2334 568 2396 indifferentia
582 2337 727 2396 dividitur
737 2338 769 2395 in
788 2339 956 2399 libertatem
971 2358 1037 2398 con·

101 2416 293 2486 tradictionie,
306 2437 371 2495 qnae
384 2417 472 2475 etiam
483 2416 605 2477 libertas
617 2419 749 2477 exercitii
769 2419 890 2490 dicitur,
905 2430 937 2478 et
958 2421 989 2477 in
1007 2417 1039 2476 li-

102 2502 244 2557 bertatem
259 2497 494 2575 specificationis,
508 2518 575 2576 qure
590 2499 675 2558 aliter
689 2498 811 2560 libertas
830 2499 1042 2559 contrarietatia

104 2590 234 2638 vocatur.

143 2659 226 2732 Quid
237 2668 281 2718 est
290 2660 410 2717 libertae
423 2659 667 2718 contradictionis
682 2679 734 2719 seu
749 2659 903 2719 exercitii?

147 2741 169 2796 Ι.
194 2740 226 2797 C.
242 2742 298 2798 Est
317 2739 438 2798 libertas
459 2738 672 2810 indifferentiae,
701 2745 760 2818 qut
785 2740 923 2799 voluntas
949 2748 1043 2816 potest

104 2839 191 2895 agere
199 2830 229 2876 et
238 2839 297 2878 non
312 2838 409 2895 agere,
432 2819 494 2877 sive
508 2830 553 2877 est
566 2821 687 2891 libertas
700 2821 778 2879 circa
791 2821 852 2879 duo
876 2818 1045 2880 contradic-

104 2898 189 2966 toria,
201 2919 228 2955 v.
243 2919 264 2975 g
288 2900 326 2957 ad
337 2897 496 2957 amandum
507 2899 555 2956 vel
566 2900 804 2959 nonamandum.

144 2978 227 3042 Quid
241 2990 286 3036 eat
294 2979 415 3038 libertas
428 2979 655 3054 specificationis
664 3002 716 3039 seu
727 2981 964 3040 contrarietatis?

147 3056 187 3115 ΙΙ.
206 3060 239 3117 a.
256 3061 311 3117 Est
324 3059 445 3118 libertas
459 3058 674 3130 indifferentiae,
701 3067 760 3138 qut
786 3061 925 3120 voluntas
949 3071 1044 3138 potest

107 3139 182 3198 duos
197 3151 281 3199 actuo
295 3140 392 3218 specie
406 3139 539 3197 diversos
553 3141 632 3199 circa
641 3142 718 3199 idem
729 3143 879 3220 objectum
894 3154 1044 3201 exerceret

104 3221 156 3296 qui
169 3231 262 3290 actus,
274 3221 297 3278 si
306 3223 366 3279 sint
374 3218 501 3296 oppositi
513 3239 565 3278 seu
577 3223 725 3291 contrarii,
742 3234 776 3280 ut
789 3236 927 3280 emarcet
941 3221 1047 3287 odore,

104 3313 174 3358 tunc
187 3301 306 3378 proprie
318 3314 362 3360 eat
381 3300 503 3358 libertas
518 3303 751 3362 contrarietatis:
767 3305 791 3360 si
806 3323 876 3360 vero
889 3316 975 3362 aetus
989 3319 1050 3358 non

105 3381 163 3439 sint
173 3382 311 3458 oppositi,
334 3382 385 3440 sed
400 3392 499 3439 tamen
517 3379 669 3458 disparati,
690 3394 724 3440 ut
738 3384 763 3440 si
786 3385 852 3461 quia
867 3403 893 3440 V.
909 3404 939 3460 g.
954 3382 1048 3461 poasit

103 3460 213 3538 eligere
227 3462 340 3519 furtum
351 3462 399 3520 vel
413 3461 610 3531 mendacium,
621 3474 655 3521 ut
663 3475 837 3538 assequatur
845 3462 933 3524 finem
949 3482 1048 3530 suurn,

103 3554 175 3598 tunc
186 3543 305 3619 proprio
320 3555 365 3601 eet
376 3543 498 3601 libertae
514 3542 747 3620 specificationis.
774 3542 838 3600 Ille
852 3553 953 3601 tamen
966 3561 1045 3602 com·

102 3621 236 3679 munitur
252 3622 440 3681 confundunt
461 3643 486 3681 r.
928 3684 938 3701 ,
1072 3675 1076 3684 .

141 3702 214 3763 Utra
239 3703 360 3765 libertas
378 3703 513 3783 requitur
535 3703 573 3763 ad
588 3723 686 3761 veram
711 3702 917 3763 indifferentiae
940 3703 1066 3777 libera,

88 3794 149 3842 trun
168 3789 183 3843 Β
1067 3802 1070 3807 “
