2160 4072
39 17 47 65 Ι
429 94 475 139 na
498 95 576 140 nno.
931 76 972 140 bl

40 237 100 298 vult
109 257 214 299 omnes
224 237 359 300 homines
369 238 466 300 salros
477 240 550 311 fieri,
564 240 642 300 etad
649 240 831 318 agnitionem
840 240 975 301 veritatis

40 318 163 379 vmire.''
177 318 315 391 Quatuor
324 321 495 380 famosiores
503 320 594 400 hujus
603 321 703 387 textis
716 322 975 402 interpretationes

42 396 280 459 hicadducimus.

78 478 176 539 Prima
186 490 243 550 est,
253 477 335 557 qudd
346 498 406 542 vox
427 488 447 516 “
456 483 575 539 omnes”
601 502 662 541 non
674 482 872 546 distribuatur
884 480 972 560 plene

43 578 93 639 pro
111 559 241 637 singulis
265 578 419 638 generum,
444 560 496 621 sed
510 581 565 638 pro
584 563 747 641 generibus
768 562 974 642 singulorum:

41 640 108 719 'qaia
118 640 235 699 scilicet
248 640 280 698 in
293 641 372 697 omni
384 653 472 712 statu,
487 652 582 712 atate,
604 654 633 702 et
651 644 780 713 natirme,
814 646 896 702 Deus
909 641 976 700 vult

44 717 149 860 nhgpps
159 720 296 778 homines
306 720 402 782 salvos
415 722 489 792 lieri,
500 722 570 781 lieet
582 742 643 782 non
653 743 764 782 omnes.

133 800 225 869 unda,
240 800 320 878 quid
334 802 371 860 sit
381 802 551 861 distributio
564 804 763 874 accommoda,
777 803 819 862 ita
828 813 864 862 ut
872 820 975 861 sensus

49 879 95 938 sit:
110 882 194 940 Deua
204 880 272 939 vult
284 900 386 941 omnes
399 880 543 952 homines,
554 884 608 961 qui
616 885 777 955 salvantur,
793 884 889 943 salvos
900 881 975 953 heri,

48 960 182 1019 ctnullus
190 961 333 1032 salvatur,
347 962 404 1021 nisi
418 954 508 1041 q'uem
520 964 603 1022 Deus
614 963 679 1023 vult
693 965 807 1023 salvum
822 963 893 1022 fieri.

39 1102 41 1107 ,
81 1040 121 1099 ll.
141 1041 255 1099 Verdm
277 1041 324 1099 ha
348 1043 604 1121 interpretationes
626 1064 688 1102 non
711 1044 861 1103 sufficiunt
881 1061 973 1121 scopo

39 1121 185 1199 ldpostnli‚
208 1121 261 1199 qui
274 1121 385 1180 ibidem
399 1124 495 1192 docet,
519 1143 583 1182 esse
596 1124 741 1183 orandum
759 1144 815 1202 pro
836 1123 975 1182 omnibus

39 1201 155 1261 lmrniud
170 1202 341 1260 hominibus
361 1203 424 1262 sine
445 1203 628 1280 exceptione,
657 1205 739 1283 qudd
751 1206 859 1283 probet
873 1223 910 1263 ex
924 1222 970 1274 eo,

44 1281 118 1359 qnod
132 1283 217 1341 Deus
227 1281 300 1340 velit
312 1303 415 1343 omnes
428 1284 671 1344 hominessalros
685 1284 758 1344 fieri.

84 1362 195 1420 Deinde
216 1362 298 1421 Deus
315 1364 357 1421 ita
371 1365 436 1423 vult
449 1383 550 1422 omnes
574 1364 711 1424 homines
732 1365 829 1424 salros
841 1364 915 1434 fieri,
937 1373 973 1422 ut

54 1439 100 1499 dici
111 1443 214 1519 possit,
235 1443 316 1519 quod
329 1445 476 1503 neminem
489 1444 563 1503 velit
575 1445 683 1522 perire,
697 1456 788 1523 prout
801 1444 935 1522 loquitur
944 1443 976 1502 S.

54 1520 144 1580 Petrus
153 1521 220 1582 loco
229 1524 335 1582 citato:
351 1545 423 1602 ergo
430 1524 607 1604 generaliter
617 1525 647 1582 in
657 1545 768 1593 omnes,
780 1525 842 1584 sive
853 1524 975 1584 electos.

56 1600 103 1661 aire
115 1604 257 1680 reprobos
269 1602 335 1663 haec
346 1606 483 1663 voluntas
493 1603 596 1663 fertur.

86 1683 181 1743 Tertia
192 1685 400 1761 interpretatio
412 1696 467 1754 est,
480 1685 560 1762 quod
575 1687 720 1744 sententia
740 1684 877 1765 Apostoli
891 1685 978 1744 intel·

57 1757 149 1838 ligatur
159 1764 197 1822 de
212 1764 365 1824 voluntate
379 1766 466 1843 signi,
489 1765 636 1843 quatenus
646 1767 731 1826 Deus
751 1767 817 1825 vult
831 1784 866 1824 ac
875 1764 975 1843 jubet,

58 1853 83 1899 rt
92 1844 218 1903 omniurn
232 1844 358 1904 salutem
369 1846 515 1906 velimus:
527 1865 587 1924 quo
596 1846 738 1905 modoad
753 1847 838 1904 Rom.
863 1865 929 1923 cap.
949 1852 976 1905 8.

60 1923 127 1984 136.
140 1924 269 1983 diciturr
285 1933 305 1959 “
316 1925 446 2003 Spiritus
453 1927 585 2004 postulat
595 1946 650 2003 pro
662 1928 749 1985 nobis
756 1926 919 2001 gemitibus
931 1926 978 1983 in·
1024 1926 1029 1933 '

60 2004 283 2064 natabilibus?
307 2006 387 2080 Quia
401 2005 515 2066 scilicet
525 2026 580 2065 nos
593 2007 743 2084 postulare
757 2017 788 2064 et
800 2024 920 2082 gemere
933 2005 977 2064 fa·

61 2078 95 2140 dt
113 2084 173 2143 Ill.
187 2084 250 2144 Sed
262 2104 318 2145 uec
340 2086 405 2146 haec
425 2086 633 2164 interpretatio
655 2097 702 2146 est
725 2086 882 2155 sufficiens,
906 2084 978 2163 quia

62 2161 157 2224 reducit
178 2185 281 2223 omues
305 2166 467 2245 Scripturae
491 2166 651 2226 'sententias
672 2167 712 2225 ad
724 2165 905 2226 locutionem
919 2167 975 2223 im-

63 2245 190 2322 propriam
205 2255 237 2304 et
248 2247 480 2325 metaphoricam
494 2249 558 2306 sine
571 2248 756 2307 necessitate.

89 2325 147 2384 Has
159 2338 220 2385 tres
233 2326 491 2405 interpretationes
504 2327 626 2387 adducit
653 2330 682 2388 S.
699 2330 777 2406 Aug.
789 2326 875 2406 cujus
885 2324 976 2384 ratio·

64 2417 112 2463 tem
123 2405 317 2466 indicabimus
325 2409 355 2465 in
369 2407 514 2467 solutione
525 2421 777 2485 argumentorum.

89 2484 137 2543 lV.
151 2485 268 2559 Quarta
279 2488 484 2582 interpretatio
497 2500 543 2547 est
557 2491 747 2549 SS.'Joannis
765 2486 980 2565 chrysostomi,

65 2558 165 2624 imnis
189 2568 369 2627 Damascum
392 2580 423 2626 et
437 2568 466 2627 S.
482 2569 615 2639 Thomae‚
629 2581 694 2627 tum
714 2568 764 2627 hic
786 2567 824 2625 ad
837 2566 978 2643 primum,

64 2646 195 2717 audibi,
210 2647 262 2724 qui
277 2648 394 2721 dorent,
417 2646 517 2708 Deum
531 2650 684 2708 voluntate
698 2646 891 2708 antecedente
904 2643 981 2704 velle

65 2738 142 2785 flues
151 2726 298 2798 homines,
310 2728 397 2786 etiam
406 2730 548 2806 reprobos
559 2729 655 2787 salros
666 2729 739 2800 lieri,
747 2728 817 2786 licet
827 2725 981 2787 voluntate

63 2816 241 2884 &sequente
253 2826 315 2866 non
329 2808 402 2867 velit
414 2811 607 2886 reproborum
624 2810 771 2868 salutemr
794 2806 870 2865 Haec
880 2816 981 2864 antem

67 2882 176 2945 voluntas
188 2886 366 2948 antecedens
375 2908 436 2947 non
449 2900 495 2947 est
503 2891 586 2948 nuda
595 2889 817 2967 complacentia,
833 2886 885 2944 sed
896 2887 981 2945 Deus

68 2961 177 3044 tihujas
186 2968 349 3028 voluntatis
357 2980 507 3048 praeparat
516 2981 546 3028 et
558 2969 644 3029 offert
655 2970 795 3029 omnibus
806 2965 906 3025 media
919 2965 981 3024 sui·

41 3052 45 3060 ⁴
68 3039 220 3106 &maan
230 3048 364 3108 salutem.
387 3051 434 3108 lta
444 3050 474 3108 S.
486 3050 617 3109 Thomas
631 3051 662 3108 in
672 3059 700 3110 4.

96 3124 125 3182 V.
149 3129 237 3187 Hanc
265 3141 399 3206 quartam
425 3128 699 3208 interpretationem
728 3128 863 3206 sequitur
890 3125 979 3183 hodie

39 3260 41 3269 ,
71 3209 210 3268 nunonis
221 3208 363 3268 Ecclesiae
371 3227 474 3268 sensus
484 3221 514 3269 et
527 3210 683 3282 doctrina;
698 3211 740 3270 sic
749 3227 877 3285 namque
886 3206 982 3280 magis

72 3284 193 3346 noedimr
206 3290 244 3348 ab
257 3288 408 3348 erroribus
420 3288 554 3349 Jausenii
565 3302 595 3348 et
605 3291 778 3362 Quesnelli:
801 3296 983 3366 quaprqater

74 3367 262 3445 sublegendi
273 3379 344 3428 sunt
355 3369 466 3440 Estius,
478 3371 609 3448 Sylvius,
621 3372 736 3430 Neesen
747 3380 778 3428 et
787 3365 909 3446 quidam
920 3364 981 3435 alii,

74 3445 289 3517 tuivoluntatem
300 3449 522 3509 antecedentem
537 3463 648 3528 negant
658 3471 721 3510 esse
732 3449 916 3508 voluntatem
932 3445 982 3503 be·

76 3524 197 3600 opheta,
216 3530 270 3589 sed
283 3548 348 3588 earu
367 3528 520 3589 ¹reducunt
533 3531 571 3589 ad
592 3532 774 3590 voluntatem
788 3525 982 3605 impropriam

79 3607 141 3741 Et
178 3611 247 3670 Non
261 3620 371 3706 'nmen
391 3611 533 3688 unquam
554 3610 727 3671 Janseniani
747 3606 879 3704 habendi
892 3614 963 3664 sunt
974 3626 983 3676 ;

126 3696 209 3749 rttunt
219 3710 300 3750 emm
314 3708 346 3748 m
359 3688 427 3755 Deo
441 3690 623 3752 voluntatem
643 3688 841 3774 praeparandi
859 3697 894 3749 et
906 3684 998 3746 oder·

82 3761 262 3829 &imbus
272 3768 371 3828 media
384 3771 564 3835 sufficientia
574 3775 616 3836 ad
632 3774 779 3839 salutem.

477 3860 529 3915 52
