2160 4072
138 100 184 165 50
507 115 707 160 uuacrarus

137 263 273 324 homines
286 285 297 335 ;
312 260 364 321 sed
391 281 428 321 ex
451 274 498 329 eo,
522 261 604 340 quod
626 261 678 321 illa
691 261 827 322 voluntas
841 259 927 321 unici
942 269 1048 320 versett

138 344 219 404 circa
228 343 380 402 hominem
394 341 427 399 in
440 362 482 412 se,
496 343 665 403 abstractim
678 344 717 401 ab
729 343 868 402 omnibus
882 342 1048 402 circumstat

138 424 189 484 tiis
209 422 439 502 particularibus
466 442 519 481 seu
542 422 757 502 personalibus,
784 443 845 482 non
871 433 972 482 autem
999 422 1048 480 cin

28 500 31 505 ’
138 503 224 562 illum
237 514 325 581 prout
339 502 397 561 illis
418 503 645 562 circumstantiis
658 503 826 569 imbutum:
842 503 923 562 unde
940 502 1048 561 volunta

139 584 192 643 illa
204 603 264 642 non
278 583 337 642 fuit
351 583 494 652 absoluta,
509 603 543 642 ac
556 582 693 660 proinde,
717 603 778 642 non
798 584 908 642 mirum
922 582 1003 640 illam
1016 599 1048 639 nu

139 682 256 742 semper
269 663 406 741 impleri:
429 663 533 723 eodem
547 663 636 721 modo
650 664 786 723 voluntas
799 663 978 724 antecedens
996 660 1048 740 jud

138 745 261 822 eisqui
275 744 341 803 vult
352 764 453 802 omnes
467 743 600 802 homines
615 744 728 815 vivere,
752 747 832 805 mere
850 752 986 803 versatur
1000 741 1048 801 cin

138 824 206 884 illos
219 835 253 883 ut
264 824 407 893 homines,
421 843 482 882 non
492 833 592 884 autem
607 824 685 884 circa
697 824 765 883 illos
773 834 810 884 ut
821 823 996 894 homicidas,
1009 840 1048 900 pu

138 906 316 974 turbatores,
334 915 389 962 etc.

181 986 234 1043 lV.
265 985 346 1044 Hinc
366 985 455 1043 etiam
469 995 560 1062 patet,
584 985 733 1062 quomodo
748 983 932 1044 nullomodo
955 984 1048 1064 deroga

139 1064 274 1124 felicitati
289 1075 318 1124 et
340 1064 527 1143 beneplacito
552 1065 610 1123 Dei
625 1065 706 1142 quod
719 1065 808 1160 aliqui
830 1084 891 1124 non
905 1065 1048 1124 salventru

141 1144 211 1223 quia
221 1149 323 1204 revera
337 1165 489 1223 nunquam
509 1145 646 1203 voluntas
661 1146 719 1205 Dei
732 1145 800 1216 furt,
815 1146 891 1215 illos,
919 1146 973 1223 qui
997 1145 1048 1204 dau

141 1236 262 1296 nantur,
275 1237 368 1302 prout
391 1236 460 1284 sunt
474 1227 505 1283 in
518 1225 691 1304 particulari
705 1245 775 1285 cum
796 1227 936 1289 omnibus
947 1223 1048 1285 suisci

140 1306 336 1375 cumstantiis‚
365 1305 508 1364 salvandi.
565 1307 612 1364 lta
625 1306 776 1384 colligitur
787 1327 826 1366 ex
841 1307 872 1366 S.
888 1305 997 1366 Thom.
1011 1306 1048 1367 lot

140 1385 246 1464 saepids
258 1387 306 1445 cit.
321 1386 368 1445 ad.
384 1395 409 1445 1.

143 1548 182 1605 N.
196 1556 245 1618 39·
261 1548 318 1607 DE
330 1545 596 1606 VOLUNTATE
608 1547 684 1606 DEI
695 1547 915 1607 SALVANDI
930 1544 1048 1613 OMNE

504 1646 715 1708 HOMINES.

338 1804 370 1865 S.
389 1805 487 1865 Tlom.
503 1815 598 1889 quaeat.
616 1816 663 1879 19.
682 1817 738 1867 art.
759 1807 787 1869 6.
802 1807 842 1867 ad
856 1817 881 1868 1.

144 1949 167 2007 Ι.
185 1950 284 2011 Status
297 1950 464 2043 questionis.
509 1951 554 2011 ΙΙ.
572 1953 645 2010 Duoe
654 1951 758 2030 primm
770 1953 1011 2028 interpretationes
1024 1972 1048 2013 ru

180 2031 369 2108 satiffcmunt.
413 2030 473 2089 ΙΙΙ.
487 2031 628 2109 Rejicitur
640 2041 666 2089 et
677 2030 769 2089 tertia.
810 2031 864 2089 1v.
881 2031 992 2097 Quarta
1002 2050 1048 2111 pra

170 2112 307 2188 ⁸ferendo.
349 2112 385 2169 V.
416 2109 577 2175 Quoelauclie‘
590 2110 747 2171 communis.
790 2111 846 2173 vl.
875 2111 1048 2190 Oby‘ecturnu

161 2223 167 2229 ·
181 2188 296 2248 luntatis
309 2190 495 2248 antecedentis
508 2201 547 2248 est
561 2191 662 2250 rasator.

181 2337 242 2394 AN
254 2336 338 2393 Deus
349 2334 415 2393 vult
427 2335 561 2393 omnium
576 2336 731 2395 hominum
747 2336 880 2395 salutem
897 2341 908 2395 l

179 2417 216 2474 R.
229 2414 466 2484 Praenotandum,
481 2415 605 2474 hicnon
616 2419 665 2495 agi
680 2416 718 2475 tle
732 2417 885 2475 voluntate
901 2417 960 2474 Dei
975 2436 1048 2475 cona

141 2505 252 2575 quente
265 2494 454 2566 etabsoluta3
475 2507 590 2556 certum
604 2499 682 2555 enim
697 2509 750 2568 est,
776 2496 856 2575 quod
867 2497 909 2555 sic
932 2517 994 2554 non
1006 2496 1048 2556 vel

141 2576 273 2636 omnium
284 2575 418 2645 salutem,
434 2573 502 2634 odm
515 2576 579 2635 haec
588 2595 705 2654 semper
717 2578 886 2655 impleatur,
908 2596 965 2635 nec
979 2588 1048 2637 tamt

141 2675 243 2714 omnes
257 2654 429 2727 salventur3
450 2674 548 2733 neque
562 2658 660 2715 etiam
673 2659 797 2735 questio
818 2669 862 2715 est
873 2655 911 2714 de
927 2657 1048 2716 volunta*

141 2735 218 2812 signi
232 2754 284 2792 seu
294 2734 515 2812 metaphoricis
529 2757 631 2796 omnes
645 2738 722 2796 enim
737 2738 907 2800 admittunt.
924 2737 967 2796 sic
979 2739 1048 2797 Deu

139 2816 217 2874 velle
227 2815 360 2873 omnium
381 2815 527 2888 salutem3
548 2817 601 2875 sed
614 2819 739 2895 questio
749 2829 794 2876 est
806 2818 845 2876 de
859 2818 1015 2876 voluntate
1024 2833 1048 2877 u

140 2895 294 2955 tecedente
314 2895 502 2972 beneplaciti.

182 2977 245 3033 Nec
259 2976 445 3051 quaestioest,
457 2996 494 3035 au
508 2978 718 3038 antecedenter
730 2978 769 3036 ad
782 2978 992 3055 praevisionem
1009 2996 1048 3055 pe

140 3056 197 3115 cati
212 3055 363 3131 originalis
378 3057 461 3114 Deus
476 3056 549 3116 velit
560 3060 693 3116 omnium
707 3059 842 3128 salutem,
852 3058 885 3116 id
898 3059 979 3116 enim
992 3058 1048 3116 etia

140 3138 160 3198 J
162 3135 300 3194 eusenius
324 3134 462 3195 admittit.
539 3147 543 3153 '
672 3194 674 3200 .
721 3195 724 3200 ,

182 3217 205 3274 Ι.
221 3216 244 3272 Ι.
260 3214 411 3285 Quoeritur
424 3217 534 3295 itaque,
550 3217 649 3277 utrum
660 3221 745 3279 Deus
758 3219 884 3294 praeviso
894 3218 981 3297 lapsu
993 3216 1048 3277 an

144 3297 217 3354 velit
228 3295 297 3353 verri
310 3306 340 3353 et
354 3294 466 3354 sincerat
481 3298 632 3357 voluntate
643 3299 775 3357 omnium
786 3310 816 3358 et
830 3297 1048 3376 singulorumh

139 3378 252 3435 minum
267 3375 403 3444 salutem,
418 3378 506 3437 etiam
526 3382 743 3456 reproborum?

182 3459 214 3516 R.
228 3457 425 3528 Affirmativb;
435 3460 579 3535 probatur
590 3479 626 3515 ex
639 3459 793 3536 Scriptura
804 3458 902 3518 Sacra.
916 3462 1004 3520 Matt.
1015 3472 1048 3516 cu

141 3542 187 3594 18.
202 3557 232 3595 v.
250 3542 294 3593 14.
316 3535 392 3594 dixit
407 3537 581 3597 Christus:“
594 3541 662 3597 Non
673 3550 718 3599 eat
732 3539 869 3599 voluntas
882 3551 952 3599 ante
964 3550 1048 3618 patre

79 3642 82 3647 ·
242 3636 278 3685 m,
289 3626 434 3694 utpereat
443 3638 520 3678 unus
529 3619 567 3677 tle
577 3620 694 3697 pusillis
702 3620 793 3678 istis.''
804 3621 881 3681 Item
890 3629 918 3679 2.
927 3621 1004 3679 Petr.
1015 3632 1048 3678 oi

68 3624 402 3846 wichart
432 3706 452 3732 “
471 3699 580 3761 Nolens
593 3701 710 3777 aliquos
725 3701 834 3777 perire.
860 3701 914 3760 sed
927 3719 1029 3759 omnes

284 3777 341 3841 'ain
356 3781 501 3842 reverti-'¹
516 3783 557 3842 Et
572 3789 603 3842 t.
616 3780 824 3856 ad'limmap.
834 3788 869 3840 9..
879 3801 911 3837 u.
922 3788 981 3838 θεέ(
996 3781 1048 3838 ll!
