2152 4066
69 76 140 141 ,114
446 96 647 143 assoricus

76 242 138 300 “in
153 242 231 301 colis
244 252 275 303 et
288 243 319 303 in
331 255 412 303 terra
424 286 434 315 ,
448 245 579 305 visibilia
587 256 618 305 et
626 243 799 315 invisibilia,
812 243 875 307 sive
882 242 1014 314 Turoni,

76 327 97 355 “
111 322 174 382 sive
187 322 410 396 dominationes,
432 334 487 384 ete.

116 403 313 475 Quandonam
325 404 438 483 Angeli
452 414 523 465 sunt
535 406 649 466 creati?

118 483 162 541 ll.
176 485 211 542 R.
226 484 337 562 Angeli
349 504 450 563 neque
462 496 543 556 ante,
555 504 654 564 neque
673 497 742 565 post
754 483 902 545 mundum
916 482 1020 543 visibi-

76 562 134 621 lem
146 576 215 622 sunt
223 566 323 637 creati,
339 565 393 624 sed
402 566 492 625 simul
505 586 574 625 cum
587 566 673 645 ipsos
691 567 837 645 probatur
853 584 891 625 ex
908 564 1020 643 ficonci·

75 643 116 703 lio
127 643 321 705 Lateranensi
331 646 387 717 IV,
402 647 496 725 quod,
508 646 576 705 loeo
589 666 680 725 supra
693 647 793 716 citato,
804 645 903 715 docet,
919 644 1021 703 Deum

76 723 165 783 simul
177 726 215 783 ab
228 724 315 785 initio
337 728 480 806 temporis
497 738 656 806 utramque
680 727 718 787 de
735 725 830 786 nihilo
853 723 1024 786 condidisse

76 814 224 875 naturam,
234 806 413 885 Angelicam
426 818 456 867 et
468 807 659 867 mundanam.

119 885 189 945 Hoc
201 895 301 946 tamen
312 898 439 966 putatur
451 908 511 946 non
526 902 589 947 esse
603 888 641 947 de
654 886 722 956 lide,
745 886 815 965 quia
835 897 871 947 ut
884 887 1024 951 observat

77 964 201 1042 Sylvius
225 975 254 1027 l·
273 978 351 1045 parts
365 976 468 1046 quest
484 977 533 1028 51.
557 978 612 1027 art.
629 977 656 1028 1.
670 967 797 1027 intentio
810 966 938 1027 concilii
958 978 1021 1025 tan·

76 1044 140 1104 tium
151 1045 211 1104 fuit
224 1046 357 1120 definire,
369 1048 452 1126 quod
462 1050 547 1109 Deus
562 1049 600 1107 sit
612 1046 721 1107 author
726 1058 755 1107 et
766 1057 880 1107 creator
888 1047 1019 1109 omnium

75 1145 187 1198 rerum,
210 1125 303 1206 idque
319 1140 425 1189 contra
447 1129 636 1206 Albigenses,
659 1128 721 1206 qui,
749 1127 837 1187 sicuti
851 1126 1015 1199 Manichaei,

76 1207 138 1265 duo
151 1227 250 1265 rerum
264 1206 461 1269 admittebant
473 1209 632 1288 principia,
646 1227 740 1267 unum
758 1208 882 1278 bonum,
894 1206 1014 1268 alterum

75 1287 198 1346 malum.

119 1367 250 1427 Ubinam
262 1368 375 1449 Angeli
386 1379 459 1430 sunt
472 1369 587 1429 creati?

109 1446 180 1515 ¹III.
224 1450 260 1509 R.
282 1449 312 1509 S.
326 1451 434 1529 Thom.
449 1461 552 1529 quaest
566 1448 615 1510 61.
631 1462 685 1508 art.
695 1457 724 1509 4.
736 1460 767 1510 et
780 1468 848 1509 cum
863 1448 931 1526 ipso
944 1469 1014 1509 com.

77 1526 208 1588 munitet
218 1529 376 1609 Theologi,
399 1531 532 1609 Angelos
546 1540 660 1590 creatos
674 1550 739 1589 esse
752 1530 785 1589 in
803 1548 945 1608 supremo
957 1530 1014 1588 eo

77 1607 185 1679 lorum,
198 1629 250 1668 seu
265 1609 296 1667 in
312 1612 395 1670 Coelo
411 1613 583 1689 Empyreo:
607 1629 669 1669 non
682 1625 752 1669 sunt
763 1621 864 1669 tamen
873 1609 965 1669 creati
974 1630 1015 1669 su·

77 1689 305 1765 pematuruliter
311 1693 400 1763 beati,
414 1691 518 1751 sivein
530 1689 856 1769 visionebeatifiotssed
866 1689 950 1749 illem
961 1709 1016 1749 me-

77 1770 136 1828 reri
151 1769 329 1831 debuerunt.
729 1772 733 1778 ’
992 1768 996 1779 ’

121 1848 159 1907 ln
170 1871 232 1928 quo
245 1850 338 1929 igitur
350 1863 429 1912 statu
442 1863 513 1912 sunt
523 1850 634 1931 Angeli
649 1850 763 1911 creati?

121 1931 175 1989 IV.
193 1926 343 1991 Raemti
363 1945 435 1993 sunt
456 1934 488 1991 in
504 1943 584 1993 statu
599 1932 664 2002 viu,
679 1943 710 1991 et
722 1931 755 1990 in
768 1930 867 2010 grati&
891 1930 1016 1991 sanctifi·

79 2021 184 2153 cantei¹
202 2011 321 2090 proditi
344 2012 413 2085 lide,
438 2033 492 2093 spe
519 2024 549 2073 et
573 2012 726 2084 charitate,
749 2022 807 2072 etc.
833 2031 904 2072 cum
930 2012 1022 2090 gratii

75 2102 162 2151 octus
176 2091 195 2154 ’.

125 2173 393 2253 QuamdiuAngeli
406 2174 532 2235 fuerunt
541 2173 574 2233 in
583 2173 633 2233 vit
647 2178 659 2235 l

33 2292 38 2303 ·
124 2248 163 2327 V„
178 2255 213 2313 R.
224 2255 282 2313 Pro
294 2275 330 2315 eo
342 2255 439 2331 solent
447 2255 597 2334 distingui
607 2254 707 2332 aliqua
725 2253 941 2314 instantianon
954 2263 1024 2313 tem·

79 2333 172 2410 poris.
188 2334 239 2392 sed
255 2334 420 2394 secundum
435 2335 650 2395 successionem
662 2334 698 2393 in
710 2332 897 2411 Angelorum
912 2332 1024 2395 actibus

78 2413 121 2473 ita
133 2424 166 2473 ut
174 2414 223 2473 hic
233 2414 413 2494 inquiratur,
427 2414 754 2494 quotactionesAngeli
763 2414 795 2472 in
803 2413 851 2473 viai
860 2410 1024 2473 elicuerint

118 2493 210 2553 Multi
223 2507 342 2573 ponunt
352 2496 410 2556 tria
422 2497 570 2556 instantia:
584 2495 723 2575 primum,
738 2492 924 2573 qquugeli
937 2496 1024 2555 ereau'

78 2584 148 2632 sunt
162 2575 319 2653 ingratiis:
348 2576 523 2647 secundum,
538 2576 681 2655 quoboni
703 2589 975 2655 perseveraverunt
1000 2588 1024 2635 et

19 2656 21 2661 ’
77 2653 148 2713 mali
161 2670 381 2732 peccaverunt:
407 2668 437 2716 et
449 2657 587 2727 tertium·
595 2676 657 2734 quo
668 2655 740 2717 boni
754 2654 856 2719 donati
869 2655 1024 2735 sunttglo·

79 2734 258 2806 ridcoelesti,
273 2750 305 2797 et
317 2738 388 2797 mali
400 2738 432 2796 in
445 2736 598 2797 insemum
611 2735 729 2815 dejecti.
881 2790 885 2797 .

119 2815 219 2875 Primo
232 2815 354 2877 instanti
363 2838 465 2877 omnes
478 2817 672 2895 perstiterunt
680 2817 713 2875 in
727 2815 835 2896 gratid,
849 2834 908 2879 nee
919 2829 1024 2895 potue·

77 2908 297 2979 rumperem,
320 2909 356 2958 ut
381 2898 468 2957 docet
492 2899 521 2957 S.
538 2896 645 2958 Thom.
656 2917 686 2975 q,
701 2897 750 2958 6³.
766 2907 828 2957 arti
847 2903 877 2955 5.
892 2896 925 2955 in
942 2897 1020 2975 Corp

78 2976 280 3036 verumtamen
302 2990 485 3048 meruerunt,
505 2988 540 3037 ut
564 2978 651 3038 docet
677 2978 709 3036 in
728 2976 921 3055 responsione
936 2976 975 3035 ad
997 2984 1018 3041 3,

78 3057 160 3115 unde
174 3058 267 3117 libera
280 3058 340 3118 fuit
366 3059 514 3129 voluntas,
528 3059 560 3116 in
584 3058 727 3136 quisunt
751 3056 851 3116 creati.
894 3056 1017 3117 Duravit

80 3136 160 3196 illud
171 3139 295 3210 instans,
310 3141 399 3200 unico
412 3139 534 3199 instanti
547 3138 689 3216 temporis
697 3137 803 3197 nostri.
973 3190 979 3200 .

119 3218 292 3278 Secundum
315 3221 428 3279 instans
440 3219 562 3278 videtur
574 3218 614 3277 ali
635 3214 703 3276 uam
727 3217 915 3276 durationem
931 3215 1015 3275 habu·

76 3298 143 3370 isse,
159 3301 212 3358 sed
222 3302 368 3359 incertum
378 3302 589 3378 estquant'am:
611 3239 689 3358 iilud
702 3298 1015 3376 solumconstat‚quod

75 3393 233 3455 peccatum
256 3381 444 3459 Angelorum
468 3379 652 3460 processerit
672 3390 829 3459 peccatum
844 3378 931 3450 Evae,
957 3376 1016 3447 adm

77 3479 156 3518 nnus
168 3480 205 3519 ex
219 3461 291 3539 ipsis
301 3481 366 3521 eam
378 3461 417 3520 ad
430 3472 587 3541 peccatum
606 3458 778 3519 sollicitslrit.

116 3540 221 3619 Aliqui
231 3541 409 3612 existimant,
429 3542 562 3620 Angelos
575 3538 817 3621 peccasseprimd
833 3536 893 3610 die,
903 3537 1018 3616 quaudo

77 3619 199 3696 legitur,
216 3624 312 3681 Deum
329 3642 478 3700 separasse
492 3623 590 3682 lucem
605 3624 620 3680 l
633 3620 775 3690 tenebris,
796 3619 839 3679 ita
848 3626 884 3678 ut
896 3616 1019 3701 figurate

77 3714 217 3778 ageretur
231 3703 262 3760 in
276 3705 366 3774 terri,
381 3703 463 3782 quod
475 3704 505 3761 in
516 3701 643 3780 Angelis
657 3699 872 3780 complebatur.
967 3744 970 3749 «

121 3782 257 3859 Tertium
272 3783 396 3861 instans,
402 3804 463 3864 quo
470 3784 542 3842 boni
557 3793 627 3843 sunt
639 3778 807 3861 glorificati,
817 3776 931 3865 etmali
941 3778 1023 3841 darn

59 3861 136 3935 nati,
156 3864 280 3927 videtur
295 3865 390 3929 fuisse
408 3866 538 3941 unicum
547 3864 663 3943 instans
673 3860 819 3943 temporis
825 3862 937 3934 nostri,
955 3860 1024 3942 uuir
