2152 4066
423 130 470 175 nn
486 125 657 190 rnccarrs.
949 106 1015 175 305

58 279 82 311 “
97 272 266 340 'consensus
279 277 312 336 in
325 269 551 337 delectationem
565 275 681 355 peccati
698 274 832 335 mortalis
850 286 896 335 est
908 288 1014 354 pecca·-

58 363 81 391 '‘
96 369 168 419 tum
182 355 336 419 mortale.''

95 441 185 520 obj.
198 441 332 502 Jacobus
347 437 490 516 Epistulae
499 458 558 496 suae
572 457 635 515 cap.
653 445 681 496 1.
698 457 727 495 v.
744 444 790 497 15.
801 436 893 496 dicit:
909 443 930 472 “
942 437 1016 496 Pec-

58 524 82 551 “
95 531 212 590 catum,
227 521 292 579 cum
317 530 554 579 consummatum
580 516 680 587 fucrit,
700 528 824 594 generat
850 520 1016 578 mortem·:''

58 603 151 678 utqui
162 618 281 660 morosa
295 598 453 658 delectatio
463 618 524 656 non
538 608 584 657 est
595 607 1014 677 peccatum-consummatum

58 696 141 758 ergo
150 701 213 740 non
226 689 351 759 generat
363 690 500 751 mortem,
509 700 564 738 seu
577 698 639 738 non
653 689 698 737 est
708 688 867 755 peccatum
876 679 1015 749 mortale.

106 762 149 821 R.
162 759 277 839 Negari
287 770 385 839 potest
397 759 495 817 minor
502 783 512 831 3
525 759 659 839 quiaubi
667 757 781 835 plenus
795 769 841 817 est
854 777 1015 818 consensus

63 839 98 899 in
114 841 356 909 delectationem,
370 851 526 917 peccatum
541 840 601 898 dici
613 848 716 918 potest
729 850 974 897 consummatum.

108 921 145 980 V.
160 920 255 994 Quid,
280 921 305 980 si
333 920 560 979 delectationem
580 939 723 978 morosam
750 938 843 995 neges
870 919 902 976 in
926 939 1014 995 sensu

65 1002 208 1080 Apostoli
229 1001 290 1060 dici
317 1010 474 1079 peccatum
501 1011 749 1069 consummatum,
774 1009 875 1058 textus
903 1002 1012 1078 exponi

64 1092 167 1159 potest
180 1082 219 1141 de
231 1082 358 1141 diversis
372 1081 527 1160 gradibus,
542 1081 679 1159 quibust
695 1079 936 1158 concupiscentia
946 1101 1015 1159 per-

68 1163 192 1222 venitur
202 1162 241 1220 ad
255 1173 381 1221 mortem
397 1170 547 1219 aternam.
851 1189 856 1195 ·

106 1243 209 1302 Verba
227 1243 325 1301 textis
340 1252 427 1301 sunt:
449 1249 469 1275 “
479 1241 737 1319 Concupiscentia,
756 1240 820 1298 clim
835 1243 1013 1320 conceperit,

71 1329 88 1354 ‘¹
99 1323 179 1401 parit
201 1334 377 1401 peccatum3
398 1333 555 1400 peccatum
579 1325 659 1394 verb,
687 1323 753 1381 ciam
769 1333 1015 1381 consummatum

72 1409 90 1436 “
103 1403 206 1475 luerit,
216 1414 344 1481 generat
356 1407 510 1462 mortem.'’

107 1485 342 1562 Itaque-primus
354 1483 466 1561 gradus
477 1495 522 1544 est
534 1495 633 1543 motus
647 1481 903 1561 coticupiscentiae,
919 1495 949 1542 et
963 1483 1015 1542 de-

73 1562 203 1641 signatur
215 1566 308 1624 verbo
322 1571 342 1599 “
354 1565 621 1643 concupiscentia''
738 1570 742 1576 '

105 1645 263 1705 Secundus
277 1645 389 1722 gradus
404 1656 457 1716 est,
473 1666 533 1724 quo
543 1644 791 1724 concupiscentiae
799 1645 950 1722 praebetur
960 1645 1013 1702 ali-

75 1724 162 1800 qualis
177 1745 347 1794 consensus,
363 1725 415 1783 sed
424 1725 637 1802 imperfectus:
653 1725 827 1802 designatur
837 1724 885 1783 his
894 1725 1011 1784 verbis:

75 1811 89 1837 “
99 1824 170 1864 cum
183 1808 381 1884 conceperit,’'
401 1816 507 1884 estque
518 1817 674 1884 peccatum
688 1804 811 1864 veniale

105 1885 230 1945 Tertius
243 1885 355 1965 gradus
369 1897 423 1956 est,
448 1887 569 1964 quando
583 1885 830 1965 concupiscentiae
854 1895 1013 1964 praestatur

69 1965 217 2040 perfectus
231 1986 399 2035 consensus,
420 1987 507 2045 quern
523 1966 687 2046 Apostolus
701 1976 787 2024 vocat
801 1966 1012 2042 concupiscen-

66 2046 109 2105 tiae
119 2058 244 2124 partum
258 2046 303 2104 his
318 2047 433 2107 verbis:
457 2048 565 2125 “parit
577 2050 761 2126 peccatum,”
787 2057 816 2104 et
840 2056 885 2104 est
906 2064 1011 2124 pecca-

63 2133 126 2184 tum
139 2128 265 2186 mortale
278 2128 439 2186 internum.

103 2207 242 2280 Quartus
262 2221 317 2277 est,
339 2208 410 2267 dum
425 2207 673 2287 concupiscentiae
685 2218 842 2285 peccatum
856 2226 946 2284 opere
960 2227 1010 2265 ex-

60 2294 151 2344 terno
165 2300 398 2357 consummatur,
411 2301 441 2347 et
461 2288 676 2347 cousuetudine
697 2289 874 2346 roboratur:
898 2287 1011 2365 signifi·

58 2378 149 2426 catur
170 2367 219 2426 his
245 2369 363 2428 verbis:
384 2371 579 2428 “Peccatum
593 2371 672 2438 verb,
688 2370 759 2426 edm
774 2384 1011 2427 consummatum

58 2451 81 2480 “
93 2447 219 2506 fuerit.”
343 2515 346 2519 ἱ

101 2528 240 2602 Quintus
250 2529 362 2606 gradus
374 2541 419 2589 est
432 2551 510 2590 mors
525 2551 577 2590 seu
592 2530 742 2589 damnatio
756 2537 874 2596 aeterna,
897 2527 1010 2606 signifi-

58 2618 129 2666 cata
142 2607 191 2667 his
211 2611 330 2669 verbis:
353 2617 506 2689 “generat
529 2613 682 2670 mortem;''
724 2609 897 2688 Specialiter
911 2620 1012 2668 autern

58 2687 217 2748 damnatio
238 2701 348 2748 aeterna
374 2691 503 2769 peccatis
529 2692 668 2761 externis,
695 2689 860 2769 presertim
874 2689 1010 2760 luxuriae,

59 2767 264 2841 adscribitur3
280 2771 351 2849 quia
359 2784 429 2832 sunt
443 2772 602 2840 adhaesiva‚
617 2771 765 2849 facileque
779 2770 810 2828 in
824 2770 860 2828 iis
872 2790 1012 2848 perseve-

59 2860 158 2919 ratur,
174 2850 279 2908 timore
294 2871 327 2909 ac
345 2853 461 2931 pudore
483 2872 537 2928 per
555 2863 638 2911 actus
653 2865 789 2911 externos
799 2850 862 2929 jam
876 2871 1011 2930 excusso.

58 2914 144 2989 Vide
155 2931 274 2989 Estium
289 2932 499 2992 commentario
508 2933 544 2991 in
557 2932 639 2992 hunc
652 2943 777 2992 textum.

112 3091 152 3151 N.
171 3091 236 3152 116.
280 3091 464 3154 REGULAE
480 3095 526 3153 IN
542 3095 681 3156 DUBlO
696 3093 954 3153 CONSENSUS.

298 3212 325 3272 l.
348 3213 466 3292 Regulo
479 3213 508 3271 in
519 3211 770 3273 dubio-consensis.

105 3332 130 3392 1.
147 3334 239 3393 CUM
250 3332 367 3411 saepein
382 3333 627 3392 delectationibus
641 3335 778 3411 quaedam
792 3333 1009 3393 inadvertentia

63 3423 232 3484 concurrat,
247 3413 419 3492 frequenter
430 3415 556 3473 dubium
567 3414 661 3472 oritur
671 3415 837 3492 poenitenti,
848 3434 886 3472 an
897 3414 1010 3474 delibe-

63 3497 126 3551 rati
141 3493 303 3564 inhaeserit,
318 3494 379 3553 sive
392 3515 439 3552 ,an
452 3494 605 3553 sufficiun·
620 3494 794 3553 deliberatio
808 3505 840 3553 ct
852 3513 1013 3554 consensus

65 3571 196 3633 adfuerit
207 3595 264 3652 pro
276 3587 399 3653 peccato
423 3575 550 3634 mortali.
593 3576 637 3634 Ut
658 3576 862 3634 Confessarins
883 3575 1013 3654 aliquale

60 3652 210 3728 judicium
222 3655 352 3712 formare
361 3658 467 3733 possit,
483 3655 670 3734 sint-regula
684 3667 854 3736 sequentes.

92 3731 212 3790 Prima,-
227 3734 255 3790 si
259 3734 297 3808 pi
299 3754 332 3792 us
344 3750 375 3794 et
395 3736 555 3798 timoratus
571 3737 706 3813 dubitet,
718 3738 859 3820 anplcnb
870 3747 905 3796 et
916 3735 1033 3794 belbre-

58 3808 312 3886 mammetis,
328 3819 487 3894 presumi
511 3834 620 3900 potest
643 3843 712 3887 non
736 3823 835 3907 plens
855 3814 1058 3882 constasse

485 3911 598 3970 21>ss
