2152 4066
73 75 137 143 136
226 98 229 103 ·
349 134 353 140 .
409 56 641 144 'mascaron

112 244 235 303 Certum
247 242 374 323 proinde
387 254 441 316 eat,
464 244 547 322 quod
560 246 650 304 homo
674 245 738 305 sine
762 241 860 324 gn·a'tia
885 259 965 309 sanct

71 334 158 416 cante
171 326 342 403 caeterisque
360 323 446 384 donis
469 325 745 403 supernaturalibus
765 328 900 406 potuerit
913 331 965 389 al

68 405 195 466 mfltltUl·

112 486 184 564 obj.
208 487 233 544 1.
260 486 361 544 Homo
387 485 560 545 naturaliter
584 485 676 546 habet
702 488 869 565 appetitum
889 489 965 549 vider

71 567 169 624 Deum
184 565 321 625 intuitivi
332 567 420 645 juxta
429 566 505 625 illud
520 565 550 625 S.
566 567 646 643 Aug.
655 567 707 626 lib.
725 578 750 627 l.
762 569 895 629 consess.
907 589 965 649 cap.

70 655 89 679 “
105 647 214 705 Fecisti
228 667 291 715 noa,
318 647 457 718 Domine,
479 646 516 704 ad
531 658 570 717 te,
585 658 615 706 et
629 648 795 724 inquietum
811 661 857 708 est
878 668 930 709 cor
942 671 965 709 n

72 735 92 759 “
105 736 184 784 trum
197 727 292 786 ‹lonec
305 727 471 805 requiescat
484 727 516 784 in
530 737 559 784 te
569 731 595 785 ='’
605 747 686 804 ergo,
702 741 757 788 etc.

110 807 147 870 R.
159 807 233 884 Agit
257 808 285 865 S.
301 809 382 885 Aug.
408 808 446 866 de
469 807 608 886 praesenti
631 828 729 867 rerum
755 808 870 880 ordine,
892 809 926 869 in
950 833 965 890 q

70 888 159 946 homo
173 907 210 945 ex
233 888 363 963 gratuita
388 889 445 946 Dei
467 887 619 946 voluntate
642 889 796 948 ordinatur
809 890 849 949 ad
867 891 965 950 vision«

72 967 131 1026 Dei
145 967 331 1027 intuitivam:
357 968 439 1045 quod
453 969 477 1026 si
486 969 576 1026 homo
585 969 617 1025 in
630 979 708 1027 statu
719 990 750 1029 v.
765 991 794 1047 g.
808 983 922 1028 naturae
935 973 965 1030 in

69 1066 131 1125 grta
145 1048 283 1107 conditus
302 1048 416 1118 fuisset,
442 1050 539 1107 Deum
560 1068 615 1127 per
637 1050 803 1108 Essentiam
829 1051 931 1109 videre
949 1073 965 1110 n

71 1127 271 1207 appetivisset,
287 1148 337 1187 seu
353 1130 465 1186 tantirm
481 1140 516 1187 ut
529 1142 643 1188 naturae
662 1130 826 1188 authorem.

112 1207 183 1286 Obj.
202 1208 243 1266 ll.
256 1209 308 1266 SS.
324 1209 426 1268 Patres
439 1208 635 1267 innocentiam
650 1210 740 1287 primi
761 1209 889 1270 hominis
903 1216 965 1291 sapi

71 1299 179 1348 vocant
192 1289 374 1348 naturalem;
390 1310 471 1367 ergo,
493 1300 548 1347 etc.

111 1371 153 1427 ll.
170 1371 205 1428 R.
221 1371 274 1428 SS.
290 1371 391 1426 Patres
401 1369 580 1446 quandoque
592 1381 698 1429 vocant
711 1369 855 1440 naturale,
878 1371 957 1450 quod

71 1449 195 1527 origine,
220 1449 264 1506 rei
277 1449 480 1527 conjungitur,
494 1450 565 1508 licet
578 1448 655 1508 illud
668 1451 767 1528 reipsa
781 1452 819 1510 sit
833 1469 965 1529 superna*

71 1530 151 1589 rale:
178 1529 359 1608 quandoque
372 1530 505 1589 naturale
527 1529 641 1600 dicunt,
667 1531 749 1609 quod
769 1543 884 1589 naturae
903 1532 948 1589 rei

72 1621 309 1675 consentaneum,
339 1630 376 1668 ex
399 1612 588 1688 quicumque
611 1611 795 1669 ordinatione
821 1609 854 1667 id
873 1612 965 1670 accidi

71 1689 213 1748 alterutro
227 1710 264 1748 ex
277 1690 428 1767 praedictis
440 1689 537 1748 modis
546 1689 694 1768 justitiam
708 1691 883 1768 originalem
897 1690 965 1749 hom

72 1769 177 1829 dicunt
186 1771 361 1830 naturalem.

112 1850 209 1910 Aliter
222 1850 357 1908 naturale
369 1851 524 1927 accipitur,
538 1849 620 1927 quod
629 1862 673 1910 est
686 1851 750 1930 ipsa
763 1862 869 1911 natura
882 1862 965 1929 autp

73 1941 197 2002 naturae,
217 1931 266 1990 vel
281 1931 363 2009 quod
376 1951 413 1989 ex
425 1930 574 2009 principio
585 1942 699 1990 naturae
713 1933 843 2009 profluit,
865 1943 918 1991 aut
932 1952 965 2009 qr

72 2022 183 2070 naturae
198 2011 333 2071 debitum
346 2020 391 2070 est
415 2012 579 2070 secundum
601 2011 666 2089 ejus
680 2013 868 2088 exigentiam,
884 2011 965 2070 velt

73 2091 141 2150 dem
152 2092 233 2170 quod
255 2093 348 2164 Deus,
376 2091 474 2150 salvae
495 2091 623 2170 justitit,
650 2091 790 2162 bonitate,
819 2091 964 2169 sapientit

71 2172 270 2250 providentiis,
284 2187 397 2232 naturae
410 2192 520 2249 negare
534 2191 594 2229 non
606 2183 724 2249 potest3
753 2172 806 2230 sed
820 2172 909 2230 simili
923 2193 965 2231 mc

70 2262 197 2330 negatur
207 2253 353 2331 justitiam
368 2251 542 2330 originalem
554 2250 649 2310 fuisse
658 2253 763 2331 primis
775 2252 965 2330 parentibus]

69 2332 205 2393 ruralem.

141 2480 145 2488 '
171 2494 210 2552 u.
231 2503 281 2564 99.
324 2495 383 2554 nn
406 2493 547 2592 sraru
568 2493 759 2552 maruan
780 2493 912 2554 runa.

74 2655 97 2714 l.
116 2653 215 2712 Status
231 2662 341 2713 notura
356 2674 450 2733 puroe.
494 2653 537 2713 ll.
565 2652 603 2712 In
630 2653 730 2732 quibua
748 2652 864 2732 differat
890 2656 909 2711 d
936 2663 965 2712 at

421 2742 533 2794 nutura
559 2734 656 2811 lupaoe.

111 2889 221 2964 QUID
236 2898 281 2948 est
294 2899 388 2948 status
397 2901 511 2950 natura
524 2897 631 2970 pura?

113 2970 138 3030 l.
150 2971 185 3028 R.
209 2971 265 3028 Est
277 2980 380 3040 status,
407 2971 438 3029 in
453 2992 513 3049 quo
536 2972 626 3030 homo
639 2972 817 3049 supponitur
831 2972 965 3031 constitui

70 3051 181 3128 absque
194 3061 317 3127 peccato
330 3063 360 3109 et
373 3071 476 3110 carens
489 3053 569 3110 omni
583 3052 678 3129 gratia
692 3052 920 3129 supernaturali,
942 3073 965 3111 si

67 3130 965 3211 jactusconcupiscentiis,morti,caeterisquehujusvitaemiser

113 3211 150 3268 ln
164 3209 216 3266 illo
229 3209 322 3286 igitur
340 3221 417 3270 statu
441 3213 645 3271 consideratur
666 3224 771 3271 natura
784 3212 875 3282 nuda,
899 3215 965 3289 absc

73 3312 118 3361 eo,
133 3289 214 3368 quiid
236 3290 294 3367 ipsi
306 3290 425 3368 aliquid*
446 3293 675 3370 superadditur;
699 3293 778 3351 unde
801 3293 891 3351 homo
911 3294 965 3351 ini

71 3383 150 3431 statu
164 3370 269 3429 fuisset
278 3371 430 3449 subjectus
441 3373 965 3450 ignorantia,eoncupiscentia.morl

76 3463 132 3511 etc.
146 3470 181 3509 ac
201 3450 319 3509 tandem
335 3453 432 3510 morti.

114 3532 149 3590 ln
159 3552 219 3607 quo
232 3531 333 3589 differt
346 3543 438 3591 status
451 3543 564 3592 naturoe
571 3554 655 3612 purae
668 3533 773 3592 aetatu
789 3544 901 3592 natura
910 3533 965 3612 lap

115 3610 158 3668 ΙΙ.
176 3613 208 3668 1t.
233 3611 272 3670 1⁰.
297 3612 333 3669 In
349 3632 393 3682 eo,
414 3613 494 3690 quod
517 3613 550 3672 in
574 3625 657 3673 statu,
677 3625 790 3673 naturae
813 3634 895 3692 pura
923 3612 965 3672 ho

74 3701 243 3752 nasceretur
255 3691 318 3750 sine
330 3707 462 3770 peccato.

114 3768 156 3830 2⁰.
172 3772 272 3830 Homo
299 3773 330 3829 in
354 3783 432 3832 statu
456 3787 571 3834 natura
583 3793 667 3852 pura
689 3773 795 3833 fuisset
808 3773 961 3833 ordinatus

61 3851 278 3918 beatitudinem
293 3855 470 3932 naturalem,
487 3875 549 3915 non
562 3855 830 3936 supernaturalem.

498 4022 586 4064 fl
