2160 4072
414 46 461 91 nn
483 44 561 93 nno.
907 39 951 98 titt

50 191 123 271 obj.
145 189 190 251 11.
209 190 483 252 Praecientiafscit
501 192 638 252 homines
659 190 847 271 negligentes
871 190 951 253 circa

11 275 133 336 salutem
148 269 281 351 corporis
291 281 322 332 et
334 272 459 332 anime:
480 292 552 351 ergo
565 283 681 332 nonest
695 271 889 332 admittenda.

48 355 199 414 Probatur
207 376 218 425 3
239 352 431 430 quiapoterit
450 354 609 432 quisquam
617 354 675 412 hoc
689 352 778 411 modo
791 373 951 431 argumen-

10 434 85 495 tari:
100 436 189 494 Deus
202 432 343 512 praevidit
353 444 469 512 patrem
480 453 581 493 meum
591 453 628 492 ex
642 434 700 492 hoc
713 434 819 492 morbo
828 435 951 494 moritu·

10 534 86 586 rum,
100 513 152 573 vel
163 532 244 572 non:
273 513 299 572 si
312 513 406 592 prius,
421 513 517 573 omnia
531 513 679 573 medicina
693 524 739 573 est
762 511 899 586 inutilis3
925 515 950 575 ei

10 596 168 674 pastorium
178 592 328 653 medicina
336 605 447 654 nonest
457 595 632 655 necessaria:
642 614 714 673 ergo
722 612 779 653 nec
786 592 952 667 Medicum,

13 694 68 735 nec
75 674 260 734 medicinam
273 673 430 737 adhibebo.
870 682 875 689 ’

50 756 87 815 ll.
102 753 330 832 Distingueudo
342 755 512 833 sequelam:
526 754 674 814 medicina
687 763 732 814 est
743 753 868 826 inutilis,
879 755 952 834 quia

12 854 69 893 nou
82 835 258 905 adhibetur,
270 835 401 895 concedo
423 845 520 895 totum
533 859 542 901 ς
561 834 586 894 si
599 835 786 905 adhibeatur,
812 855 893 917 nego
906 855 952 896 sc·

14 915 129 994 qaelam
141 938 152 987 3
166 915 242 973 tura
256 915 335 974 enim
344 916 440 987 Deus,
451 918 490 976 ob
498 915 664 996 neglectam
674 914 863 988 medicinam,
875 936 952 995 pra·

10 994 87 1055 vidit
97 1007 217 1074 patrem
230 994 418 1055 moriturum.
729 1034 736 1044 ι

51 1074 197 1137 Similiter
209 1079 390 1144 econverso,
412 1078 497 1137 Deus
506 1077 647 1156 praevidit
659 1086 774 1155 patrem
787 1095 849 1135 nou
862 1076 953 1136 mori-

15 1166 113 1217 bnum
126 1154 207 1215 sorte
215 1156 254 1216 ob
264 1155 426 1216 medicinas
439 1156 598 1228 adhibitas,
610 1157 720 1236 quibus
731 1175 792 1216 non
800 1156 953 1231 adhibitis,

16 1232 95 1295 iilum
112 1236 194 1296 forte
206 1235 391 1319 praevidisset
403 1238 592 1298 moriturum.

54 1316 140 1376 ilatio
151 1318 286 1376 omnium
296 1327 350 1388 est,
364 1318 446 1395 quod
456 1317 643 1396 praescientia
655 1315 709 1376 illa
718 1328 754 1376 ut
763 1316 826 1396 jam
836 1318 952 1378 dictum

18 1406 67 1466 cst,
79 1396 150 1456 licit
161 1406 297 1476 tempore
310 1398 469 1477 praecedat,
485 1399 524 1459 sit
532 1411 632 1458 tamen
643 1417 697 1456 euo
708 1417 795 1456 sensu
808 1398 956 1476 posterior

19 1474 190 1537 iuturitione
204 1478 257 1549 rei,
272 1474 420 1554 quatenus
428 1480 571 1557 supponit
584 1498 647 1537 rem
657 1497 726 1537 cum
739 1478 879 1537 omnibus
893 1480 954 1540 suis

20 1554 244 1618 drcumctautiis
255 1557 378 1619 aliunde
387 1558 451 1638 jam
465 1559 656 1620 constitutam
665 1578 723 1636 pro
735 1568 879 1637 tempore,
893 1578 955 1638 quo

21 1637 137 1698 eveniet

58 1717 129 1778 luet.
146 1718 178 1779 si
202 1718 288 1778 Deus
311 1718 486 1798 praeviderit
509 1731 625 1797 patrem
643 1739 742 1778 meum
765 1720 954 1791 moriturum,

10 1796 219 1877 animumque
229 1798 347 1871 faciam,
360 1800 514 1859 morietur.

56 1876 89 1938 R.
104 1880 194 1958 Nego
208 1879 355 1958 supposit.
375 1879 488 1940 scilicet
512 1879 595 1958 quid
608 1878 694 1939 Deus
712 1880 885 1959 praeviderit
900 1901 954 1965 pa-

28 1968 95 2019 buu
113 1959 304 2030 moriturum,
327 1961 464 2019 aitamen
478 1961 797 2039 quodcumquepoteo,
824 1961 956 2035 faciaset
1041 2004 1044 2011 .

26 2037 193 2100 medicinam
207 2038 348 2099 adhibeas
363 2065 373 2113 3
399 2059 469 2100 nem
483 2041 560 2100 forte
574 2040 626 2098 illa
640 2041 700 2109 duo
719 2042 872 2119 supposita
893 2042 955 2100 non

26 2127 92 2179 suat
112 2119 214 2192 umal,
246 2120 329 2198 quod
343 2123 428 2181 Deus
447 2121 620 2199 praeviderit
636 2131 752 2201 patrem
765 2123 954 2194 moriturum,

28 2199 148 2260 annul
161 2200 245 2279 quod
263 2200 463 2262 adhlbeantur
475 2202 639 2262 medicinae.

55 2279 166 2339 unitis
184 2293 362 2360 argumenta
373 2303 430 2362 pro
444 2282 674 2362 simplicioribus
687 2281 878 2365 palpabiliter
898 2280 956 2340 sol·

28 2370 133 2432 matur,
144 2361 320 2438 replicando
330 2363 389 2422 elio
402 2362 492 2421 simili
505 2374 692 2442 argumento:
701 2385 731 2421 v.
740 2385 770 2440 g.
780 2362 865 2423 Deus
878 2382 957 2440 prae·

28 2437 96 2512 vidit,
128 2438 232 2501 utnim
253 2444 358 2503 intuo
381 2463 454 2523 agro
480 2444 583 2504 futura
607 2445 645 2504 sit
664 2444 768 2503 messis
794 2462 956 2520 granorum

30 2521 155 2595 proxim
167 2540 257 2592 anno,
271 2542 310 2581 an
323 2543 403 2583 nont
418 2525 442 2582 si
452 2524 538 2603 prius
553 2526 671 2584 culture
685 2535 715 2584 et
729 2522 882 2582 seminatio
897 2541 959 2580 non

30 2613 85 2660 unt
96 2603 284 2675 necessaria3
313 2604 338 2663 si
351 2605 509 2682 posterius,
524 2607 642 2665 cultura
656 2617 701 2664 est
725 2602 860 2663 inutilis:
885 2623 958 2681 ergo

27 2694 72 2739 uon
83 2693 139 2754 est,
153 2682 324 2761 quidcolas
337 2705 443 2763 agrum
455 2695 549 2745 tuum.
567 2687 597 2743 Si
611 2685 766 2764 replicent,
781 2685 882 2743 Deum
896 2703 957 2742 non

28 2762 187 2835 nsnfflsse
200 2782 335 2834 messem,
349 2765 409 2824 nisi
417 2765 567 2827 mediante
575 2765 782 2834 seminatione,
794 2764 957 2842 responde-

28 2845 196 2983 meum
209 2862 270 2902 non
282 2845 455 2924 praevidisse
466 2847 630 2918 sanitatem,
652 2847 710 2906 nisi
723 2845 872 2906 mediante
892 2864 955 2904 me-

52 3003 149 3082 Atque
157 3004 223 3064 haec
231 3025 287 3083 pro
296 3005 482 3067 concilianda
493 3007 681 3086 praecientia
695 3004 754 3065 Dei
764 3024 835 3066 cum
847 3016 950 3065 nostra

29 3074 147 3147 iterate
156 3086 321 3147 sufficiant:
337 3084 431 3147 schim
442 3089 617 3159 notandum,
629 3087 711 3165 quod
719 3087 792 3144 dum
804 3086 951 3160 diximus3

30 3163 44 3190 “
54 3161 120 3226 Ideo
134 3167 236 3227 Deum
249 3167 390 3245 praescire
402 3187 460 3238 rea,
485 3169 556 3246 quia
580 3167 689 3228 futura
702 3177 783 3235 sunt,
809 3186 871 3227 non
883 3185 954 3225 con·

32 3247 64 3301 lta
72 3246 99 3314 3¹¹
111 3242 170 3307 boc
184 3264 246 3305 non
259 3246 299 3306 sit
311 3245 542 3326 intelligendum
556 3248 609 3307 illo
623 3268 710 3307 sensu
720 3247 805 3326 quael
817 3246 956 3305 futuritio

14 3320 145 3393 ,ltiesset
158 3345 250 3387 cauca
263 3325 394 3387 scienda
419 3328 499 3401 Dei3
526 3328 609 3387 nulla
622 3330 700 3388 enim
716 3348 805 3387 causa
825 3346 955 3405 essepo-
1042 3385 1043 3390 χ

33 3406 75 3491 itti
98 3407 223 3467 actioms
238 3407 298 3467 Dei
316 3408 504 3468 immanentis
514 3432 525 3481 3
550 3409 603 3469 sed
616 3407 742 3479 tantum,
772 3407 855 3484 quod
869 3406 953 3466 fatu·

33 3480 83 3543 tae
92 3486 136 3547 rei
145 3487 185 3549 sit
207 3486 342 3549 conditio
354 3487 418 3549 sine
431 3508 490 3567 qua
502 3509 574 3565 non,
589 3489 636 3548 vel
647 3485 747 3569 petiis
759 3487 835 3547 ratio
847 3487 949 3549 relati·

10 3561 21 3679 ἶ
38 3560 84 3625 uis
94 3567 223 3631 tcieutiar
237 3567 300 3631 Dei
309 3567 350 3630 ad
362 3589 411 3629 res
423 3570 630 3648 praecognitae.

446 3790 552 3874 Be,
