2160 4072
299 39 345 71 vta
368 39 444 70 lmus
824 39 845 72 0

43 170 557 250 mamamemuujusvssum:
570 156 846 238 “ausemasut

43 254 63 281 '⁹
70 253 207 314 referunt
214 253 639 331 adcertitudinemphysicam,
647 252 698 312 alii
706 252 745 313 ad
752 250 854 313 metm'

43 355 55 393 1
67 356 79 407 3
101 335 155 393 sed
174 333 206 392 hi
219 334 251 391 in
265 333 445 392 certitudine
465 332 671 413 metaphysica
683 334 847 394 admittunt

103 546 163 605 ua
185 545 310 604 soors
335 530 644 606 rnuouou'rcrs:
691 531 693 535 ’

70 670 95 732 Ι.
116 671 187 734 laci
209 671 370 754 Theologici
384 677 426 736 II.
448 674 645 753 designantur
663 673 767 735 decem.

43 807 51 857 t
66 798 139 864 sunt
148 806 207 866 loci
217 804 412 882 Theologici?

43 886 117 944 Sunt
130 886 227 945 fontes
238 906 291 945 seu
304 886 519 964 promptuaria,
531 905 568 945 ex
582 884 692 963 quibus
704 895 849 966 tanquam

44 986 59 1024 s
70 966 414 1044 Theologiaargumenta
422 987 475 1026 sua
483 965 622 1026 desumit.
638 966 741 1026 Solent
748 976 850 1026 autem

43 1045 79 1104 di
92 1045 150 1105 loci
161 1047 304 1106 recenseri
318 1047 441 1120 decem;
458 1048 500 1106 lI.
516 1046 638 1118 scilicet,
655 1058 683 1107 1.
692 1047 851 1127 Scriptura

46 1127 189 1187 ,traditio
202 1138 233 1186 et
256 1127 408 1196 miracula,
429 1136 456 1188 3.
471 1127 631 1187 auctoritas
657 1127 851 1187 Summorum

43 1227 98 1278 rm,
114 1217 143 1267 4.
167 1207 326 1267 auctoritas
340 1207 552 1278 Conciliorum,
574 1214 602 1268 5.
616 1206 755 1268 Ecclesia
779 1224 851 1268 con-

43 1309 108 1346 isus
122 1298 152 1346 et
159 1288 269 1367 praxis,
278 1287 307 1348 6.
321 1289 481 1347 auctoritas
497 1289 549 1348 SS.
560 1289 692 1357 Petrum,
707 1295 735 1355 7.
748 1299 851 1348 aucto-

43 1367 243 1427 rolasticorum
257 1377 288 1426 et
306 1368 543 1438 canonistarum,
564 1373 593 1427 8.
607 1367 684 1428 ratio
696 1366 861 1440 naturalis,'

43 1448 107 1506 ritas
123 1448 371 1526 Philosophorum
383 1459 414 1509 et
423 1449 502 1526 juris
512 1446 608 1508 civilis
615 1448 793 1527 peritorum,
804 1455 861 1507 10.
967 1492 971 1514 ,

43 1549 67 1588 ιε
90 1529 231 1599 Historiae
262 1529 478 1588 Ecclesiasticae
499 1539 529 1588 et
547 1529 691 1609 profanae,
712 1548 769 1589 nec
789 1538 852 1588 non'

43 1630 56 1667 o
81 1630 123 1668 ιω.

43 1629 168 1768 ngprimi
180 1687 237 1748 loci
250 1689 370 1767 proprie
384 1689 500 1749 tantrlm
515 1699 587 1749 suut
596 1688 759 1768 theologici
765 1712 776 1762 ;
789 1698 851 1749 tres

44 1771 99 1846 qui
119 1779 189 1829 sunt
201 1769 363 1849 peregrini,
385 1790 438 1830 seu
450 1770 597 1831 duntaxat
615 1768 850 1831 ministerialiter

43 1869 99 1925 aa·
375 1873 378 1877 ·
860 1868 861 1872 ‘

43 1986 98 2041 ,3.
121 1981 179 2038 DE
202 1980 515 2044 AUCTORITATE
537 1980 751 2046 Locorum

184 2081 580 2146 THEOLOGICORUM.
696 2105 699 2109 ·

43 2211 163 2291 uiptura
177 2217 296 2272 sumitur
308 2223 502 2292 argumentum
514 2221 630 2284 certum,
648 2212 701 2271 ΙΙ.,
709 2210 858 2276 Cauchas

43 2293 149 2349 emissis
162 2296 196 2350 de
213 2295 273 2367 fide
286 2294 341 2371 qud
355 2293 424 2353 talia
447 2313 501 2352 aaa
514 2302 554 2352 eet
564 2292 599 2350 de
609 2292 677 2366 fide.
702 2294 764 2353 Ill.
782 2292 857 2353 em·

43 2375 68 2426 tu
83 2370 234 2449 Scriptura
249 2372 280 2430 S.
294 2380 358 2429 auat
372 2393 438 2431 uera
452 2371 607 2443 narrative,
621 2371 671 2430 aed
683 2390 737 2429 uuu
750 2372 858 2448 suaper

43 2450 92 2507 tut.
115 2451 169 2509 IV.
212 2453 412 2530 Argumentum
439 2472 473 2511 ea
497 2451 657 2512 traditione.
678 2450 715 2507 V.
730 2453 803 2511 Item
825 2470 867 2510 eu-

43 2527 146 2587 aliaest
164 2539 276 2589 eertum.
298 2529 353 2589 Vl.
379 2530 468 2590 Prout
489 2551 524 2589 ea
537 2527 697 2607 defiuitione
715 2526 860 2609 Ponttfieir

43 2605 151 2669 thedra.
174 2610 249 2670 VII.
269 2609 342 2669 Item
355 2627 389 2665 ea
402 2608 561 2688 definitione
576 2604 695 2668 Caruilii
706 2606 860 2689 generalis,

65 2687 105 2745 Et
132 2710 167 2748 ea
180 2708 315 2748 censeam
328 2695 354 2746 et
380 2693 469 2767 praei
483 2687 631 2748 Ecclesia.
648 2686 707 2748 IX.
729 2684 809 2755 Quia
819 2685 858 2747 tit

43 2783 54 2821 r
88 2767 233 2828 Ecclesia.
265 2770 304 2827 X.
342 2764 501 2826 Unanimur
521 2768 642 2825 Patrum
663 2784 766 2827 aeneus
785 2765 859 2836 facit

43 2846 273 2906 rentumcertum.
315 2846 372 2904 XI.
412 2846 509 2904 Aurea
524 2846 555 2904 S.
575 2845 688 2906 Thomae
707 2844 859 2906 'semmaa

77 2922 191 2989 Quaata
206 2926 244 2985 ait
256 2924 415 2984 authoritas
429 2923 675 2995 Scholasticorum.
766 2948 772 2960 ¹

43 3053 146 3112 ,NTAE
185 3052 370 3115 auctoritatis
392 3063 603 3132 argumentum
637 3053 804 3141 desumitur
824 3070 861 3110 ex

43 3134 263 3291 hargsddieanhum
273 3215 392 3274 omnino
404 3223 519 3274 eertum
529 3225 559 3275 et
566 3215 724 3277 infallibile
734 3209 863 3273 sumitur

43 3313 54 3351 1
68 3293 177 3354 literali
189 3320 198 3370 3
220 3298 292 3354 item
306 3314 343 3353 ex
357 3314 446 3353 sensu
460 3290 602 3372 mystico)
618 3294 741 3374 quando
755 3291 864 3369 nempi

43 3393 61 3431 u
77 3375 107 3432 S.
122 3376 322 3455 inscriptura
339 3375 389 3435 vel
401 3375 561 3434 traditione
578 3395 682 3436 seusus
694 3375 746 3435 hic
768 3374 865 3432 inesse

43 3462 172 3594 iiidlusio
184 3536 320 3615 legitime
330 3535 460 3595 deducta
474 3556 511 3595 ex
525 3535 644 3597 duabus
652 3531 815 3618 premissis
827 3530 868 3590 de

43 3612 171 3750 imm
185 3616 302 3687 deride,
326 3625 357 3676 et
378 3615 475 3678 altera
496 3617 633 3683 scientia
649 3616 817 3688 naturalis,
836 3623 886 3673 est

150 3779 157 3790 '
355 3798 375 3837 a
399 3788 421 3842 2
