<?xml version="1.0" encoding="UTF-8"?>
<!DOCTYPE html PUBLIC "-//W3C//DTD XHTML 1.0 Transitional//EN"
    "http://www.w3.org/TR/xhtml1/DTD/xhtml1-transitional.dtd">
<html xmlns="http://www.w3.org/1999/xhtml" xml:lang="en" lang="en">
 <head>
  <title>
</title>
<meta http-equiv="Content-Type" content="text/html;charset=utf-8" />
  <meta name='ocr-system' content='tesseract 3.04.00' />
  <meta name='ocr-capabilities' content='ocr_page ocr_carea ocr_par ocr_line ocrx_word'/>
</head>
<body>
  <div class='ocr_page' id='page_1' title='image "./theologiamorali00densgoog_0077.png"; bbox 0 0 2160 4072; ppageno 0'>
   <div class='ocr_carea' id='block_1_1' title="bbox 68 93 641 187">
    <p class='ocr_par' dir='ltr' id='par_1_1' title="bbox 68 93 641 187">
     <span class='ocr_line' id='line_1_1' title="bbox 68 93 641 187; baseline -0.01 -28"><span class='ocrx_word' id='word_1_1' title='bbox 68 93 114 159; x_wconf 79' lang='lat'>64</span> <span class='ocrx_word' id='word_1_2' title='bbox 297 96 300 101; x_wconf 81' lang='grc'><strong>’</strong></span> <span class='ocrx_word' id='word_1_3' title='bbox 430 112 641 187; x_wconf 68' lang='lat' dir='ltr'>coactarum</span> 
     </span>
    </p>
   </div>
   <div class='ocr_carea' id='block_1_2' title="bbox 66 255 977 3777">
    <p class='ocr_par' dir='ltr' id='par_1_2' title="bbox 66 255 977 736">
     <span class='ocr_line' id='line_1_2' title="bbox 108 255 977 331; baseline -0.006 -14"><span class='ocrx_word' id='word_1_4' title='bbox 108 256 249 317; x_wconf 84' lang='lat' dir='ltr'>Similiter</span> <span class='ocrx_word' id='word_1_5' title='bbox 263 256 302 314; x_wconf 90' lang='lat' dir='ltr'>ad</span> <span class='ocrx_word' id='word_1_6' title='bbox 315 266 398 316; x_wconf 88' lang='lat' dir='ltr'>actus</span> <span class='ocrx_word' id='word_1_7' title='bbox 410 255 520 315; x_wconf 86' lang='lat' dir='ltr'>liberos</span> <span class='ocrx_word' id='word_1_8' title='bbox 543 256 693 320; x_wconf 81' lang='lat' dir='ltr'><strong>naturales</strong></span> <span class='ocrx_word' id='word_1_9' title='bbox 719 272 780 313; x_wconf 89' lang='lat' dir='ltr'>non</span> <span class='ocrx_word' id='word_1_10' title='bbox 793 256 952 331; x_wconf 89' lang='lat' dir='ltr'>requirunt</span> <span class='ocrx_word' id='word_1_11' title='bbox 974 255 977 313; x_wconf 91' lang='lat' dir='ltr'>l</span> 
     </span>
     <span class='ocr_line' id='line_1_3' title="bbox 67 334 977 418; baseline -0.002 -22"><span class='ocrx_word' id='word_1_12' title='bbox 67 337 405 418; x_wconf 86' lang='lat' dir='ltr'>praedeterminationem</span> <span class='ocrx_word' id='word_1_13' title='bbox 413 337 587 414; x_wconf 85' lang='lat' dir='ltr'><strong>physicam:</strong></span> <span class='ocrx_word' id='word_1_14' title='bbox 604 336 656 395; x_wconf 91' lang='lat' dir='ltr'>sed</span> <span class='ocrx_word' id='word_1_15' title='bbox 666 337 750 395; x_wconf 87' lang='lat' dir='ltr'>aiunt</span> <span class='ocrx_word' id='word_1_16' title='bbox 761 334 905 404; x_wconf 89' lang='lat' dir='ltr'>sufficere,</span> <span class='ocrx_word' id='word_1_17' title='bbox 928 336 977 412; x_wconf 79' lang='lat' dir='ltr'>qui</span> 
     </span>
     <span class='ocr_line' id='line_1_4' title="bbox 69 416 977 495; baseline -0.003 -20"><span class='ocrx_word' id='word_1_18' title='bbox 69 419 153 476; x_wconf 87' lang='lat' dir='ltr'>Deus</span> <span class='ocrx_word' id='word_1_19' title='bbox 167 417 317 475; x_wconf 89' lang='lat' dir='ltr'>hominem</span> <span class='ocrx_word' id='word_1_20' title='bbox 334 417 573 495; x_wconf 70' lang='lat' dir='ltr'>praedeterminet</span> <span class='ocrx_word' id='word_1_21' title='bbox 586 417 624 474; x_wconf 90' lang='lat' dir='ltr'>ad</span> <span class='ocrx_word' id='word_1_22' title='bbox 646 418 773 494; x_wconf 89' lang='lat' dir='ltr'>primum</span> <span class='ocrx_word' id='word_1_23' title='bbox 790 425 890 473; x_wconf 86' lang='lat' dir='ltr'>actum</span> <span class='ocrx_word' id='word_1_24' title='bbox 904 416 977 474; x_wconf 72' lang='lat' dir='ltr'>volut</span> 
     </span>
     <span class='ocr_line' id='line_1_5' title="bbox 67 494 977 575; baseline -0.002 -21"><span class='ocrx_word' id='word_1_25' title='bbox 67 500 146 568; x_wconf 89' lang='lat' dir='ltr'>tatis,</span> <span class='ocrx_word' id='word_1_26' title='bbox 161 517 213 555; x_wconf 90' lang='lat' dir='ltr'>seu</span> <span class='ocrx_word' id='word_1_27' title='bbox 224 498 262 555; x_wconf 87' lang='lat' dir='ltr'>ad</span> <span class='ocrx_word' id='word_1_28' title='bbox 275 498 386 555; x_wconf 91' lang='lat' dir='ltr'>bonum</span> <span class='ocrx_word' id='word_1_29' title='bbox 396 497 427 554; x_wconf 91' lang='lat' dir='ltr'>in</span> <span class='ocrx_word' id='word_1_30' title='bbox 439 497 599 568; x_wconf 91' lang='lat' dir='ltr'>communi,</span> <span class='ocrx_word' id='word_1_31' title='bbox 615 508 645 556; x_wconf 91' lang='lat' dir='ltr'>et</span> <span class='ocrx_word' id='word_1_32' title='bbox 655 497 737 575; x_wconf 75' lang='lat' dir='ltr'>quod</span> <span class='ocrx_word' id='word_1_33' title='bbox 749 494 822 554; x_wconf 80' lang='lat' dir='ltr'>tunc</span> <span class='ocrx_word' id='word_1_34' title='bbox 835 495 927 553; x_wconf 91' lang='lat' dir='ltr'>homo</span> <span class='ocrx_word' id='word_1_35' title='bbox 941 516 977 553; x_wconf 88' lang='lat' dir='ltr'>cu</span> 
     </span>
     <span class='ocr_line' id='line_1_6' title="bbox 66 576 977 654; baseline 0 -20"><span class='ocrx_word' id='word_1_36' title='bbox 66 576 118 638; x_wconf 90' lang='lat' dir='ltr'>illo</span> <span class='ocrx_word' id='word_1_37' title='bbox 129 597 273 639; x_wconf 85' lang='lat' dir='ltr'><strong>concursu</strong></span> <span class='ocrx_word' id='word_1_38' title='bbox 287 577 419 654; x_wconf 86' lang='lat' dir='ltr'>generali</span> <span class='ocrx_word' id='word_1_39' title='bbox 429 596 460 636; x_wconf 89' lang='lat' dir='ltr'>se</span> <span class='ocrx_word' id='word_1_40' title='bbox 473 577 651 636; x_wconf 83' lang='lat' dir='ltr'>determinet</span> <span class='ocrx_word' id='word_1_41' title='bbox 657 577 696 636; x_wconf 88' lang='lat' dir='ltr'>ad</span> <span class='ocrx_word' id='word_1_42' title='bbox 708 578 819 635; x_wconf 90' lang='lat' dir='ltr'>bonum</span> <span class='ocrx_word' id='word_1_43' title='bbox 830 576 977 653; x_wconf 86' lang='lat' dir='ltr'>particula</span> 
     </span>
     <span class='ocr_line' id='line_1_7' title="bbox 68 657 405 736; baseline 0 -22"><span class='ocrx_word' id='word_1_44' title='bbox 68 679 172 718; x_wconf 92' lang='lat' dir='ltr'>verum</span> <span class='ocrx_word' id='word_1_45' title='bbox 188 657 237 715; x_wconf 92' lang='lat' dir='ltr'>vel</span> <span class='ocrx_word' id='word_1_46' title='bbox 250 678 405 736; x_wconf 83' lang='lat' dir='ltr'>apparens.</span> 
     </span>
    </p>

    <p class='ocr_par' dir='ltr' id='par_1_3' title="bbox 69 734 977 1538">
     <span class='ocr_line' id='line_1_8' title="bbox 107 734 977 815; baseline -0.001 -20"><span class='ocrx_word' id='word_1_47' title='bbox 107 734 163 797; x_wconf 85' lang='lat' dir='ltr'>VI.</span> <span class='ocrx_word' id='word_1_48' title='bbox 180 739 326 796; x_wconf 80' lang='lat' dir='ltr'><strong>Probatur</strong></span> <span class='ocrx_word' id='word_1_49' title='bbox 340 738 403 797; x_wconf 87' lang='lat' dir='ltr'>haec</span> <span class='ocrx_word' id='word_1_50' title='bbox 418 739 563 797; x_wconf 87' lang='lat' dir='ltr'>sententia</span> <span class='ocrx_word' id='word_1_51' title='bbox 577 758 614 796; x_wconf 84' lang='lat' dir='ltr'>ex</span> <span class='ocrx_word' id='word_1_52' title='bbox 624 739 653 797; x_wconf 88' lang='lat' dir='ltr'>S.</span> <span class='ocrx_word' id='word_1_53' title='bbox 665 737 829 815; x_wconf 84' lang='lat' dir='ltr'>Augustini</span> <span class='ocrx_word' id='word_1_54' title='bbox 844 736 925 795; x_wconf 93' lang='lat' dir='ltr'>libro</span> <span class='ocrx_word' id='word_1_55' title='bbox 935 737 977 794; x_wconf 74' lang='lat' dir='ltr'>“r</span> 
     </span>
     <span class='ocr_line' id='line_1_9' title="bbox 69 816 976 896; baseline -0.002 -19"><span class='ocrx_word' id='word_1_56' title='bbox 69 825 88 854; x_wconf 91' lang='lat'><strong>“</strong></span> <span class='ocrx_word' id='word_1_57' title='bbox 104 818 288 895; x_wconf 82' lang='lat' dir='ltr'>correptione</span> <span class='ocrx_word' id='word_1_58' title='bbox 300 829 329 876; x_wconf 93' lang='lat' dir='ltr'>et</span> <span class='ocrx_word' id='word_1_59' title='bbox 339 816 452 896; x_wconf 66' lang='lat' dir='ltr'>gratia⁰</span> <span class='ocrx_word' id='word_1_60' title='bbox 463 838 525 896; x_wconf 90' lang='lat' dir='ltr'>cap.</span> <span class='ocrx_word' id='word_1_61' title='bbox 541 827 587 878; x_wconf 91' lang='grc'>10.</span> <span class='ocrx_word' id='word_1_62' title='bbox 604 829 634 876; x_wconf 91' lang='lat' dir='ltr'>et</span> <span class='ocrx_word' id='word_1_63' title='bbox 651 817 758 876; x_wconf 69' lang='lat' dir='ltr'>nubi</span> <span class='ocrx_word' id='word_1_64' title='bbox 766 818 855 895; x_wconf 90' lang='lat' dir='ltr'>ponit</span> <span class='ocrx_word' id='word_1_65' title='bbox 863 816 976 875; x_wconf 79' lang='lat' dir='ltr'>famoso</span> 
     </span>
     <span class='ocr_line' id='line_1_10' title="bbox 69 896 977 976; baseline -0.002 -20"><span class='ocrx_word' id='word_1_66' title='bbox 69 899 229 957; x_wconf 84' lang='lat' dir='ltr'>discrimen</span> <span class='ocrx_word' id='word_1_67' title='bbox 252 898 329 957; x_wconf 89' lang='lat' dir='ltr'>inter</span> <span class='ocrx_word' id='word_1_68' title='bbox 342 899 468 976; x_wconf 81' lang='lat' dir='ltr'>gratiam</span> <span class='ocrx_word' id='word_1_69' title='bbox 482 899 570 976; x_wconf 91' lang='lat' dir='ltr'>primi</span> <span class='ocrx_word' id='word_1_70' title='bbox 585 896 687 960; x_wconf 71' lang='lat' dir='ltr'>statiis,</span> <span class='ocrx_word' id='word_1_71' title='bbox 706 910 736 956; x_wconf 90' lang='lat' dir='ltr'>et</span> <span class='ocrx_word' id='word_1_72' title='bbox 755 897 977 975; x_wconf 84' lang='lat' dir='ltr'>gratiam&#39;natur</span> 
     </span>
     <span class='ocr_line' id='line_1_11' title="bbox 69 977 977 1056; baseline 0 -21"><span class='ocrx_word' id='word_1_73' title='bbox 69 978 160 1056; x_wconf 84' lang='lat' dir='ltr'>lapsae</span> <span class='ocrx_word' id='word_1_74' title='bbox 171 1001 181 1049; x_wconf 78' lang='lat'><em>3</em></span> <span class='ocrx_word' id='word_1_75' title='bbox 195 977 275 1055; x_wconf 79' lang='lat' dir='ltr'>qudd</span> <span class='ocrx_word' id='word_1_76' title='bbox 283 979 363 1056; x_wconf 91' lang='lat' dir='ltr'>prior</span> <span class='ocrx_word' id='word_1_77' title='bbox 378 990 455 1038; x_wconf 89' lang='lat' dir='ltr'>esset</span> <span class='ocrx_word' id='word_1_78' title='bbox 468 979 613 1038; x_wconf 88' lang='lat' dir='ltr'>auxilium</span> <span class='ocrx_word' id='word_1_79' title='bbox 627 985 649 1013; x_wconf 83' lang='lat'>“</span> <span class='ocrx_word' id='word_1_80' title='bbox 662 977 725 1036; x_wconf 90' lang='lat' dir='ltr'>sine</span> <span class='ocrx_word' id='word_1_81' title='bbox 736 997 796 1055; x_wconf 88' lang='lat' dir='ltr'>quo</span> <span class='ocrx_word' id='word_1_82' title='bbox 810 979 889 1036; x_wconf 85' lang='lat' dir='ltr'>non”</span> <span class='ocrx_word' id='word_1_83' title='bbox 899 989 931 1035; x_wconf 91' lang='lat' dir='ltr'>et</span> <span class='ocrx_word' id='word_1_84' title='bbox 945 997 977 1035; x_wconf 90' lang='lat' dir='ltr'>ve</span> 
     </span>
     <span class='ocr_line' id='line_1_12' title="bbox 71 1057 977 1136; baseline -0.003 -19"><span class='ocrx_word' id='word_1_85' title='bbox 71 1058 165 1126; x_wconf 87' lang='lat' dir='ltr'>satile,</span> <span class='ocrx_word' id='word_1_86' title='bbox 192 1059 338 1136; x_wconf 88' lang='lat' dir='ltr'>posterior</span> <span class='ocrx_word' id='word_1_87' title='bbox 354 1059 498 1117; x_wconf 83' lang='lat' dir='ltr'>auxilium</span> <span class='ocrx_word' id='word_1_88' title='bbox 522 1078 576 1136; x_wconf 82' lang='lat' dir='ltr'>quo</span> <span class='ocrx_word' id='word_1_89' title='bbox 589 1069 619 1116; x_wconf 90' lang='lat' dir='ltr'>et</span> <span class='ocrx_word' id='word_1_90' title='bbox 633 1057 754 1118; x_wconf 77' lang='lat' dir='ltr'>efficax:</span> <span class='ocrx_word' id='word_1_91' title='bbox 782 1077 818 1116; x_wconf 87' lang='lat' dir='ltr'>ex</span> <span class='ocrx_word' id='word_1_92' title='bbox 833 1078 895 1136; x_wconf 93' lang='lat' dir='ltr'>quo</span> <span class='ocrx_word' id='word_1_93' title='bbox 916 1067 977 1136; x_wconf 76' lang='lat' dir='ltr'>patr</span> 
     </span>
     <span class='ocr_line' id='line_1_13' title="bbox 69 1139 977 1217; baseline -0.004 -19"><span class='ocrx_word' id='word_1_94' title='bbox 69 1140 276 1215; x_wconf 85' lang='lat' dir='ltr'>Augustinum</span> <span class='ocrx_word' id='word_1_95' title='bbox 288 1159 348 1197; x_wconf 90' lang='lat' dir='ltr'>non</span> <span class='ocrx_word' id='word_1_96' title='bbox 361 1139 550 1217; x_wconf 88' lang='lat' dir='ltr'>requisivisse</span> <span class='ocrx_word' id='word_1_97' title='bbox 556 1139 893 1216; x_wconf 80' lang='lat' dir='ltr'>prudeterminationem</span> <span class='ocrx_word' id='word_1_98' title='bbox 908 1139 977 1216; x_wconf 78' lang='lat' dir='ltr'>phyr</span> 
     </span>
     <span class='ocr_line' id='line_1_14' title="bbox 71 1217 977 1296; baseline -0.004 -18"><span class='ocrx_word' id='word_1_99' title='bbox 71 1239 135 1278; x_wconf 94' lang='lat' dir='ltr'>cam</span> <span class='ocrx_word' id='word_1_100' title='bbox 148 1219 188 1276; x_wconf 88' lang='lat' dir='ltr'>ad</span> <span class='ocrx_word' id='word_1_101' title='bbox 201 1238 317 1276; x_wconf 85' lang='lat' dir='ltr'>ornnem</span> <span class='ocrx_word' id='word_1_102' title='bbox 332 1231 441 1286; x_wconf 90' lang='lat' dir='ltr'>actum,</span> <span class='ocrx_word' id='word_1_103' title='bbox 470 1217 536 1278; x_wconf 79' lang='lat' dir='ltr'>etim</span> <span class='ocrx_word' id='word_1_104' title='bbox 550 1220 646 1296; x_wconf 87' lang='lat' dir='ltr'>gratia</span> <span class='ocrx_word' id='word_1_105' title='bbox 658 1219 748 1296; x_wconf 90' lang='lat' dir='ltr'>primi</span> <span class='ocrx_word' id='word_1_106' title='bbox 762 1217 854 1278; x_wconf 74' lang='lat' dir='ltr'>statiis</span> <span class='ocrx_word' id='word_1_107' title='bbox 864 1218 954 1295; x_wconf 87' lang='lat' dir='ltr'>juxta</span> <span class='ocrx_word' id='word_1_108' title='bbox 965 1217 977 1293; x_wconf 75' lang='lat' dir='ltr'>ij</span> 
     </span>
     <span class='ocr_line' id='line_1_15' title="bbox 71 1297 977 1377; baseline -0.001 -20"><span class='ocrx_word' id='word_1_109' title='bbox 71 1319 137 1358; x_wconf 87' lang='lat' dir='ltr'>sum</span> <span class='ocrx_word' id='word_1_110' title='bbox 152 1318 212 1356; x_wconf 89' lang='lat' dir='ltr'>non</span> <span class='ocrx_word' id='word_1_111' title='bbox 225 1298 473 1377; x_wconf 75' lang='lat' dir='ltr'>praedeterminet</span> <span class='ocrx_word' id='word_1_112' title='bbox 499 1298 552 1356; x_wconf 90' lang='lat' dir='ltr'>sed</span> <span class='ocrx_word' id='word_1_113' title='bbox 565 1299 776 1377; x_wconf 85' lang='lat' dir='ltr'>determinetur</span> <span class='ocrx_word' id='word_1_114' title='bbox 790 1299 807 1358; x_wconf 74' lang='grc' dir='ltr'>ὲ</span> <span class='ocrx_word' id='word_1_115' title='bbox 820 1297 918 1356; x_wconf 88' lang='lat' dir='ltr'>libero</span> <span class='ocrx_word' id='word_1_116' title='bbox 931 1298 977 1356; x_wconf 82' lang='lat' dir='ltr'>arl</span> 
     </span>
     <span class='ocr_line' id='line_1_16' title="bbox 72 1376 977 1459; baseline -0.001 -22"><span class='ocrx_word' id='word_1_117' title='bbox 72 1380 138 1437; x_wconf 89' lang='lat' dir='ltr'>trio.</span> <span class='ocrx_word' id='word_1_118' title='bbox 161 1380 244 1437; x_wconf 88' lang='lat' dir='ltr'>Idem</span> <span class='ocrx_word' id='word_1_119' title='bbox 266 1379 424 1438; x_wconf 83' lang='lat' dir='ltr'>discrimen</span> <span class='ocrx_word' id='word_1_120' title='bbox 438 1379 515 1437; x_wconf 89' lang='lat' dir='ltr'>inter</span> <span class='ocrx_word' id='word_1_121' title='bbox 529 1380 654 1459; x_wconf 86' lang='lat' dir='ltr'>gratiam</span> <span class='ocrx_word' id='word_1_122' title='bbox 668 1379 758 1457; x_wconf 88' lang='lat' dir='ltr'>primi</span> <span class='ocrx_word' id='word_1_123' title='bbox 768 1376 861 1438; x_wconf 73' lang='lat' dir='ltr'>statiis</span> <span class='ocrx_word' id='word_1_124' title='bbox 875 1389 906 1436; x_wconf 93' lang='lat' dir='ltr'>et</span> <span class='ocrx_word' id='word_1_125' title='bbox 921 1388 977 1437; x_wconf 83' lang='lat' dir='ltr'>stat</span> 
     </span>
     <span class='ocr_line' id='line_1_17' title="bbox 72 1458 975 1538; baseline -0.001 -21"><span class='ocrx_word' id='word_1_126' title='bbox 72 1469 185 1518; x_wconf 84' lang='lat' dir='ltr'>naturae</span> <span class='ocrx_word' id='word_1_127' title='bbox 194 1460 394 1536; x_wconf 70' lang='lat' dir='ltr'>lapsnastruit</span> <span class='ocrx_word' id='word_1_128' title='bbox 404 1461 432 1519; x_wconf 89' lang='lat' dir='ltr'>S.</span> <span class='ocrx_word' id='word_1_129' title='bbox 446 1460 553 1518; x_wconf 88' lang='lat' dir='ltr'>Thom.</span> <span class='ocrx_word' id='word_1_130' title='bbox 565 1468 593 1523; x_wconf 76' lang='lat'>2.</span> <span class='ocrx_word' id='word_1_131' title='bbox 606 1468 633 1517; x_wconf 74' lang='grc'>2.</span> <span class='ocrx_word' id='word_1_132' title='bbox 645 1470 748 1538; x_wconf 82' lang='lat' dir='ltr'>quaest</span> <span class='ocrx_word' id='word_1_133' title='bbox 761 1467 825 1527; x_wconf 82' lang='lat'><strong>137.</strong></span> <span class='ocrx_word' id='word_1_134' title='bbox 835 1469 890 1516; x_wconf 83' lang='lat' dir='ltr'>art.</span> <span class='ocrx_word' id='word_1_135' title='bbox 903 1458 975 1518; x_wconf 54' lang='lat' dir='ltr'>aad</span> 
     </span>
    </p>

    <p class='ocr_par' dir='ltr' id='par_1_4' title="bbox 73 1539 977 2339">
     <span class='ocr_line' id='line_1_18' title="bbox 114 1539 968 1618; baseline 0.001 -22"><span class='ocrx_word' id='word_1_136' title='bbox 114 1539 185 1598; x_wconf 92' lang='lat' dir='ltr'>Vll.</span> <span class='ocrx_word' id='word_1_137' title='bbox 201 1542 346 1598; x_wconf 82' lang='lat' dir='ltr'>Probatur</span> <span class='ocrx_word' id='word_1_138' title='bbox 373 1541 414 1599; x_wconf 75' lang='lat'>2⁰.</span> <span class='ocrx_word' id='word_1_139' title='bbox 429 1560 466 1598; x_wconf 89' lang='lat' dir='ltr'>ex</span> <span class='ocrx_word' id='word_1_140' title='bbox 481 1541 511 1598; x_wconf 90' lang='lat' dir='ltr'>S.</span> <span class='ocrx_word' id='word_1_141' title='bbox 526 1539 633 1597; x_wconf 86' lang='lat' dir='ltr'>Thom.</span> <span class='ocrx_word' id='word_1_142' title='bbox 651 1549 674 1597; x_wconf 90' lang='lat' dir='ltr'>l.</span> <span class='ocrx_word' id='word_1_143' title='bbox 689 1549 718 1597; x_wconf 76' lang='lat'>2.</span> <span class='ocrx_word' id='word_1_144' title='bbox 741 1552 847 1618; x_wconf 89' lang='lat' dir='ltr'>quaest.</span> <span class='ocrx_word' id='word_1_145' title='bbox 870 1548 900 1607; x_wconf 89' lang='lat'>9.</span> <span class='ocrx_word' id='word_1_146' title='bbox 915 1549 968 1597; x_wconf 82' lang='lat' dir='ltr'>art</span> 
     </span>
     <span class='ocr_line' id='line_1_19' title="bbox 73 1619 975 1695; baseline -0.001 -17"><span class='ocrx_word' id='word_1_147' title='bbox 73 1621 111 1678; x_wconf 87' lang='lat' dir='ltr'>ad</span> <span class='ocrx_word' id='word_1_148' title='bbox 125 1627 151 1678; x_wconf 82' lang='lat'>3.</span> <span class='ocrx_word' id='word_1_149' title='bbox 167 1621 219 1678; x_wconf 90' lang='lat' dir='ltr'>ubi</span> <span class='ocrx_word' id='word_1_150' title='bbox 235 1620 323 1679; x_wconf 88' lang='lat' dir='ltr'>dicit:</span> <span class='ocrx_word' id='word_1_151' title='bbox 348 1629 367 1654; x_wconf 90' lang='lat'><strong><em>“</em></strong></span> <span class='ocrx_word' id='word_1_152' title='bbox 383 1623 467 1678; x_wconf 89' lang='lat' dir='ltr'>Deus</span> <span class='ocrx_word' id='word_1_153' title='bbox 480 1632 581 1695; x_wconf 81' lang='lat' dir='ltr'>movet</span> <span class='ocrx_word' id='word_1_154' title='bbox 595 1620 778 1678; x_wconf 83' lang='lat' dir='ltr'>voluntatem</span> <span class='ocrx_word' id='word_1_155' title='bbox 791 1619 923 1677; x_wconf 90' lang='lat' dir='ltr'>hominis</span> <span class='ocrx_word' id='word_1_156' title='bbox 935 1619 975 1677; x_wconf 91' lang='lat' dir='ltr'>sic</span> 
     </span>
     <span class='ocr_line' id='line_1_20' title="bbox 74 1699 977 1778; baseline 0 -21"><span class='ocrx_word' id='word_1_157' title='bbox 74 1707 94 1732; x_wconf 87' lang='lat'><strong>“</strong></span> <span class='ocrx_word' id='word_1_158' title='bbox 109 1699 284 1758; x_wconf 83' lang='lat' dir='ltr'>universalis</span> <span class='ocrx_word' id='word_1_159' title='bbox 311 1711 406 1759; x_wconf 91' lang='lat' dir='ltr'>motor</span> <span class='ocrx_word' id='word_1_160' title='bbox 430 1701 468 1758; x_wconf 85' lang='lat' dir='ltr'>ad</span> <span class='ocrx_word' id='word_1_161' title='bbox 489 1701 654 1759; x_wconf 85' lang='lat' dir='ltr'>universale</span> <span class='ocrx_word' id='word_1_162' title='bbox 675 1700 825 1778; x_wconf 87' lang='lat' dir='ltr'>objectum</span> <span class='ocrx_word' id='word_1_163' title='bbox 840 1699 977 1758; x_wconf 83' lang='lat' dir='ltr'>voluntat</span> 
     </span>
     <span class='ocr_line' id='line_1_21' title="bbox 73 1779 977 1856; baseline -0.001 -19"><span class='ocrx_word' id='word_1_164' title='bbox 73 1787 95 1813; x_wconf 86' lang='lat'><em>“</em></span> <span class='ocrx_word' id='word_1_165' title='bbox 109 1781 190 1856; x_wconf 83' lang='lat' dir='ltr'>quod</span> <span class='ocrx_word' id='word_1_166' title='bbox 205 1791 249 1838; x_wconf 90' lang='lat' dir='ltr'>est</span> <span class='ocrx_word' id='word_1_167' title='bbox 261 1781 383 1851; x_wconf 88' lang='lat' dir='ltr'>bonum,</span> <span class='ocrx_word' id='word_1_168' title='bbox 409 1791 439 1839; x_wconf 93' lang='lat' dir='ltr'>et</span> <span class='ocrx_word' id='word_1_169' title='bbox 453 1782 515 1839; x_wconf 92' lang='lat' dir='ltr'>sine</span> <span class='ocrx_word' id='word_1_170' title='bbox 528 1781 584 1838; x_wconf 88' lang='lat' dir='ltr'>hac</span> <span class='ocrx_word' id='word_1_171' title='bbox 608 1779 766 1839; x_wconf 85' lang='lat' dir='ltr'>universali</span> <span class='ocrx_word' id='word_1_172' title='bbox 778 1780 912 1838; x_wconf 85' lang='lat' dir='ltr'>motione</span> <span class='ocrx_word' id='word_1_173' title='bbox 926 1780 977 1837; x_wconf 88' lang='lat' dir='ltr'>hou</span> 
     </span>
     <span class='ocr_line' id='line_1_22' title="bbox 74 1860 962 1940; baseline 0 -23"><span class='ocrx_word' id='word_1_174' title='bbox 74 1867 164 1917; x_wconf 87' lang='lat' dir='ltr'>“non</span> <span class='ocrx_word' id='word_1_175' title='bbox 178 1871 275 1938; x_wconf 90' lang='lat' dir='ltr'>potest</span> <span class='ocrx_word' id='word_1_176' title='bbox 297 1860 410 1940; x_wconf 86' lang='lat' dir='ltr'>aliquid</span> <span class='ocrx_word' id='word_1_177' title='bbox 435 1861 526 1919; x_wconf 85' lang='lat' dir='ltr'>velle:</span> <span class='ocrx_word' id='word_1_178' title='bbox 555 1860 608 1918; x_wconf 92' lang='lat' dir='ltr'>sed</span> <span class='ocrx_word' id='word_1_179' title='bbox 631 1861 721 1919; x_wconf 93' lang='lat' dir='ltr'>homo</span> <span class='ocrx_word' id='word_1_180' title='bbox 741 1880 796 1938; x_wconf 92' lang='lat' dir='ltr'>per</span> <span class='ocrx_word' id='word_1_181' title='bbox 817 1861 962 1919; x_wconf 90' lang='lat' dir='ltr'>rationem</span> 
     </span>
     <span class='ocr_line' id='line_1_23' title="bbox 75 1938 977 2018; baseline -0.001 -20"><span class='ocrx_word' id='word_1_182' title='bbox 75 1938 339 2000; x_wconf 80' lang='lat' dir='ltr'>“&#39;determinatad</span> <span class='ocrx_word' id='word_1_183' title='bbox 353 1942 514 2000; x_wconf 90' lang='lat' dir='ltr'>volendum</span> <span class='ocrx_word' id='word_1_184' title='bbox 539 1941 596 1998; x_wconf 92' lang='lat' dir='ltr'>hoc</span> <span class='ocrx_word' id='word_1_185' title='bbox 618 1940 666 1998; x_wconf 92' lang='lat' dir='ltr'>vel</span> <span class='ocrx_word' id='word_1_186' title='bbox 685 1939 772 2011; x_wconf 90' lang='lat' dir='ltr'>illud,</span> <span class='ocrx_word' id='word_1_187' title='bbox 794 1941 934 2018; x_wconf 90' lang='lat' dir='ltr'>quodest</span> <span class='ocrx_word' id='word_1_188' title='bbox 946 1959 977 1998; x_wconf 88' lang='lat' dir='ltr'>ve</span> 
     </span>
     <span class='ocr_line' id='line_1_24' title="bbox 74 2019 977 2100; baseline -0.003 -20"><span class='ocrx_word' id='word_1_189' title='bbox 74 2024 229 2091; x_wconf 90' lang='lat' dir='ltr'>“bonum,</span> <span class='ocrx_word' id='word_1_190' title='bbox 245 2021 293 2080; x_wconf 89' lang='lat' dir='ltr'>vel</span> <span class='ocrx_word' id='word_1_191' title='bbox 316 2042 461 2100; x_wconf 86' lang='lat' dir='ltr'>apparens</span> <span class='ocrx_word' id='word_1_192' title='bbox 488 2023 611 2080; x_wconf 87' lang='lat' dir='ltr'>bonum.</span> <span class='ocrx_word' id='word_1_193' title='bbox 653 2019 712 2078; x_wconf 90' lang='lat' dir='ltr'>Sed</span> <span class='ocrx_word' id='word_1_194' title='bbox 738 2032 838 2079; x_wconf 88' lang='lat' dir='ltr'>tamen</span> <span class='ocrx_word' id='word_1_195' title='bbox 861 2020 977 2079; x_wconf 88' lang='lat' dir='ltr'>interdu</span> 
     </span>
     <span class='ocr_line' id='line_1_25' title="bbox 74 2099 977 2180; baseline -0.003 -20"><span class='ocrx_word' id='word_1_196' title='bbox 74 2110 94 2136; x_wconf 90' lang='lat'><strong>“</strong></span> <span class='ocrx_word' id='word_1_197' title='bbox 109 2101 275 2180; x_wconf 86' lang='lat' dir='ltr'>specialiter</span> <span class='ocrx_word' id='word_1_198' title='bbox 291 2103 374 2161; x_wconf 90' lang='lat' dir='ltr'>Deus</span> <span class='ocrx_word' id='word_1_199' title='bbox 388 2114 488 2160; x_wconf 91' lang='lat' dir='ltr'>movet</span> <span class='ocrx_word' id='word_1_200' title='bbox 511 2102 624 2179; x_wconf 89' lang='lat' dir='ltr'>aliquos</span> <span class='ocrx_word' id='word_1_201' title='bbox 639 2100 677 2158; x_wconf 87' lang='lat' dir='ltr'>ad</span> <span class='ocrx_word' id='word_1_202' title='bbox 691 2099 804 2178; x_wconf 87' lang='lat' dir='ltr'>aliquid</span> <span class='ocrx_word' id='word_1_203' title='bbox 818 2101 977 2160; x_wconf 89' lang='lat' dir='ltr'>determina</span> 
     </span>
     <span class='ocr_line' id='line_1_26' title="bbox 75 2181 977 2261; baseline -0.003 -22"><span class='ocrx_word' id='word_1_204' title='bbox 75 2189 95 2215; x_wconf 89' lang='lat'><em>“</em></span> <span class='ocrx_word' id='word_1_205' title='bbox 109 2183 279 2253; x_wconf 91' lang='lat' dir='ltr'>volendum,</span> <span class='ocrx_word' id='word_1_206' title='bbox 293 2184 377 2261; x_wconf 93' lang='lat' dir='ltr'>quod</span> <span class='ocrx_word' id='word_1_207' title='bbox 399 2185 578 2252; x_wconf 91' lang='lat' dir='ltr'>estbonum,</span> <span class='ocrx_word' id='word_1_208' title='bbox 594 2181 682 2240; x_wconf 91' lang='lat' dir='ltr'>sicuti</span> <span class='ocrx_word' id='word_1_209' title='bbox 696 2181 727 2238; x_wconf 93' lang='lat' dir='ltr'>in</span> <span class='ocrx_word' id='word_1_210' title='bbox 741 2181 796 2251; x_wconf 92' lang='lat' dir='ltr'>his,</span> <span class='ocrx_word' id='word_1_211' title='bbox 822 2203 898 2260; x_wconf 91' lang='lat' dir='ltr'>quos</span> <span class='ocrx_word' id='word_1_212' title='bbox 912 2200 977 2239; x_wconf 81' lang='lat' dir='ltr'>mou</span> 
     </span>
     <span class='ocr_line' id='line_1_27' title="bbox 75 2263 330 2339; baseline 0.004 -20"><span class='ocrx_word' id='word_1_213' title='bbox 75 2269 95 2295; x_wconf 89' lang='lat'><em>“</em></span> <span class='ocrx_word' id='word_1_214' title='bbox 108 2281 162 2338; x_wconf 91' lang='lat' dir='ltr'>per</span> <span class='ocrx_word' id='word_1_215' title='bbox 175 2263 330 2339; x_wconf 84' lang='lat' dir='ltr'>gratiam.&#39;’</span> 
     </span>
    </p>

    <p class='ocr_par' dir='ltr' id='par_1_5' title="bbox 73 2342 977 2804">
     <span class='ocr_line' id='line_1_28' title="bbox 115 2342 977 2420; baseline -0.002 -21"><span class='ocrx_word' id='word_1_216' title='bbox 115 2343 163 2400; x_wconf 87' lang='lat' dir='ltr'>Ex</span> <span class='ocrx_word' id='word_1_217' title='bbox 174 2342 231 2400; x_wconf 92' lang='lat' dir='ltr'>hoc</span> <span class='ocrx_word' id='word_1_218' title='bbox 246 2342 277 2400; x_wconf 87' lang='lat' dir='ltr'>S.</span> <span class='ocrx_word' id='word_1_219' title='bbox 293 2343 416 2402; x_wconf 82' lang='lat' dir='ltr'>Thomae</span> <span class='ocrx_word' id='word_1_220' title='bbox 429 2343 495 2401; x_wconf 91' lang='lat' dir='ltr'>loco</span> <span class='ocrx_word' id='word_1_221' title='bbox 509 2342 686 2401; x_wconf 89' lang='lat' dir='ltr'>convellitur</span> <span class='ocrx_word' id='word_1_222' title='bbox 700 2352 827 2420; x_wconf 87' lang='lat' dir='ltr'>utraque</span> <span class='ocrx_word' id='word_1_223' title='bbox 845 2343 977 2419; x_wconf 82' lang='lat' dir='ltr'>priorser</span> 
     </span>
     <span class='ocr_line' id='line_1_29' title="bbox 73 2422 977 2501; baseline -0.006 -20"><span class='ocrx_word' id='word_1_224' title='bbox 73 2423 184 2482; x_wconf 87' lang='lat' dir='ltr'>tentia:</span> <span class='ocrx_word' id='word_1_225' title='bbox 200 2424 304 2481; x_wconf 86' lang='lat' dir='ltr'>namsi</span> <span class='ocrx_word' id='word_1_226' title='bbox 318 2426 401 2482; x_wconf 90' lang='lat' dir='ltr'>Deus</span> <span class='ocrx_word' id='word_1_227' title='bbox 416 2443 531 2501; x_wconf 89' lang='lat' dir='ltr'>semper</span> <span class='ocrx_word' id='word_1_228' title='bbox 544 2433 645 2481; x_wconf 90' lang='lat' dir='ltr'>movet</span> <span class='ocrx_word' id='word_1_229' title='bbox 658 2422 952 2499; x_wconf 73' lang='lat' dir='ltr'>praedeterminando,</span> <span class='ocrx_word' id='word_1_230' title='bbox 970 2440 977 2476; x_wconf 81' lang='lat' dir='ltr'>t</span> 
     </span>
     <span class='ocr_line' id='line_1_30' title="bbox 74 2499 977 2580; baseline -0.007 -20"><span class='ocrx_word' id='word_1_231' title='bbox 74 2503 180 2560; x_wconf 87' lang='lat' dir='ltr'>volunt</span> <span class='ocrx_word' id='word_1_232' title='bbox 195 2503 364 2572; x_wconf 81' lang='lat' dir='ltr'>Themistoe,</span> <span class='ocrx_word' id='word_1_233' title='bbox 378 2503 486 2562; x_wconf 87' lang='lat' dir='ltr'>falsum</span> <span class='ocrx_word' id='word_1_234' title='bbox 500 2521 576 2562; x_wconf 89' lang='lat' dir='ltr'>esset</span> <span class='ocrx_word' id='word_1_235' title='bbox 589 2503 669 2580; x_wconf 76' lang='lat' dir='ltr'>quod</span> <span class='ocrx_word' id='word_1_236' title='bbox 684 2511 704 2536; x_wconf 88' lang='lat'>“</span> <span class='ocrx_word' id='word_1_237' title='bbox 715 2503 884 2561; x_wconf 89' lang='lat' dir='ltr'>interdum&#39;&#39;</span> <span class='ocrx_word' id='word_1_238' title='bbox 897 2499 977 2560; x_wconf 75' lang='lat' dir='ltr'>tantu</span> 
     </span>
     <span class='ocr_line' id='line_1_31' title="bbox 74 2583 977 2659; baseline -0.003 -19"><span class='ocrx_word' id='word_1_239' title='bbox 74 2596 191 2643; x_wconf 88' lang='lat' dir='ltr'>moveat</span> <span class='ocrx_word' id='word_1_240' title='bbox 205 2592 224 2617; x_wconf 85' lang='lat'><strong><em>“</em></strong></span> <span class='ocrx_word' id='word_1_241' title='bbox 239 2583 432 2642; x_wconf 72' lang='lat' dir='ltr'>determinate</span> <span class='ocrx_word' id='word_1_242' title='bbox 443 2588 468 2643; x_wconf 82' lang='lat'>=’&#39;</span> <span class='ocrx_word' id='word_1_243' title='bbox 493 2583 516 2641; x_wconf 90' lang='lat' dir='ltr'>si</span> <span class='ocrx_word' id='word_1_244' title='bbox 531 2595 630 2641; x_wconf 89' lang='lat' dir='ltr'>autem</span> <span class='ocrx_word' id='word_1_245' title='bbox 660 2585 742 2641; x_wconf 91' lang='lat' dir='ltr'>Deus</span> <span class='ocrx_word' id='word_1_246' title='bbox 757 2603 798 2640; x_wconf 93' lang='lat' dir='ltr'>nu</span> <span class='ocrx_word' id='word_1_247' title='bbox 831 2603 921 2659; x_wconf 90' lang='lat' dir='ltr'>quam</span> <span class='ocrx_word' id='word_1_248' title='bbox 935 2599 977 2658; x_wconf 88' lang='lat' dir='ltr'>pra</span> 
     </span>
     <span class='ocr_line' id='line_1_32' title="bbox 75 2662 977 2739; baseline -0.004 -19"><span class='ocrx_word' id='word_1_249' title='bbox 75 2662 261 2733; x_wconf 90' lang='lat' dir='ltr'>determinet,</span> <span class='ocrx_word' id='word_1_250' title='bbox 275 2677 310 2724; x_wconf 91' lang='lat' dir='ltr'>ut</span> <span class='ocrx_word' id='word_1_251' title='bbox 324 2665 429 2723; x_wconf 89' lang='lat' dir='ltr'>volunt</span> <span class='ocrx_word' id='word_1_252' title='bbox 438 2664 608 2735; x_wconf 86' lang='lat' dir='ltr'>Molinistoe‚</span> <span class='ocrx_word' id='word_1_253' title='bbox 632 2683 738 2721; x_wconf 89' lang='lat' dir='ltr'>verum</span> <span class='ocrx_word' id='word_1_254' title='bbox 753 2682 814 2720; x_wconf 89' lang='lat' dir='ltr'>non</span> <span class='ocrx_word' id='word_1_255' title='bbox 828 2674 922 2733; x_wconf 89' lang='lat' dir='ltr'>esset,</span> <span class='ocrx_word' id='word_1_256' title='bbox 933 2664 977 2739; x_wconf 78' lang='lat' dir='ltr'>qul</span> 
     </span>
     <span class='ocr_line' id='line_1_33' title="bbox 77 2743 674 2804; baseline 0.002 -3"><span class='ocrx_word' id='word_1_257' title='bbox 77 2750 96 2775; x_wconf 88' lang='lat'><strong>“</strong></span> <span class='ocrx_word' id='word_1_258' title='bbox 107 2743 274 2802; x_wconf 89' lang='lat' dir='ltr'>interdum&#39;’</span> <span class='ocrx_word' id='word_1_259' title='bbox 289 2757 407 2804; x_wconf 89' lang='lat' dir='ltr'>moveat</span> <span class='ocrx_word' id='word_1_260' title='bbox 420 2753 440 2779; x_wconf 92' lang='lat'><strong>“</strong></span> <span class='ocrx_word' id='word_1_261' title='bbox 455 2745 674 2803; x_wconf 52' lang='lat' dir='ltr'>determinate?</span> 
     </span>
    </p>

    <p class='ocr_par' dir='ltr' id='par_1_6' title="bbox 75 2824 977 3143">
     <span class='ocr_line' id='line_1_34' title="bbox 118 2824 968 2904; baseline -0.005 -24"><span class='ocrx_word' id='word_1_262' title='bbox 118 2824 220 2882; x_wconf 90' lang='lat' dir='ltr'>Videri</span> <span class='ocrx_word' id='word_1_263' title='bbox 234 2826 320 2883; x_wconf 87' lang='lat' dir='ltr'>etiam</span> <span class='ocrx_word' id='word_1_264' title='bbox 331 2836 430 2904; x_wconf 89' lang='lat' dir='ltr'>potest</span> <span class='ocrx_word' id='word_1_265' title='bbox 447 2827 476 2885; x_wconf 90' lang='lat' dir='ltr'>S.</span> <span class='ocrx_word' id='word_1_266' title='bbox 488 2825 594 2883; x_wconf 92' lang='lat' dir='ltr'>Thom.</span> <span class='ocrx_word' id='word_1_267' title='bbox 609 2825 709 2882; x_wconf 68' lang='lat' dir='ltr'>eidem</span> <span class='ocrx_word' id='word_1_268' title='bbox 722 2832 824 2901; x_wconf 79' lang='lat' dir='ltr'>quaest.</span> <span class='ocrx_word' id='word_1_269' title='bbox 834 2835 889 2882; x_wconf 87' lang='lat' dir='ltr'>art.</span> <span class='ocrx_word' id='word_1_270' title='bbox 905 2832 931 2881; x_wconf 79' lang='lat'>4.</span> <span class='ocrx_word' id='word_1_271' title='bbox 943 2831 968 2878; x_wconf 93' lang='lat' dir='ltr'>et</span> 
     </span>
     <span class='ocr_line' id='line_1_35' title="bbox 76 2905 977 2983; baseline -0.003 -23"><span class='ocrx_word' id='word_1_272' title='bbox 76 2914 153 2980; x_wconf 73' lang='lat' dir='ltr'>part,</span> <span class='ocrx_word' id='word_1_273' title='bbox 168 2916 272 2982; x_wconf 87' lang='lat' dir='ltr'>quaest.</span> <span class='ocrx_word' id='word_1_274' title='bbox 299 2913 343 2963; x_wconf 78' lang='lat'>14.</span> <span class='ocrx_word' id='word_1_275' title='bbox 366 2917 421 2964; x_wconf 89' lang='lat' dir='ltr'>art.</span> <span class='ocrx_word' id='word_1_276' title='bbox 438 2912 484 2964; x_wconf 82' lang='lat'>13.</span> <span class='ocrx_word' id='word_1_277' title='bbox 500 2905 552 2964; x_wconf 91' lang='lat' dir='ltr'>ubi</span> <span class='ocrx_word' id='word_1_278' title='bbox 566 2905 652 2964; x_wconf 90' lang='lat' dir='ltr'>docet</span> <span class='ocrx_word' id='word_1_279' title='bbox 665 2905 746 2983; x_wconf 90' lang='lat' dir='ltr'>quod</span> <span class='ocrx_word' id='word_1_280' title='bbox 762 2905 937 2981; x_wconf 86' lang='lat' dir='ltr'>contingens</span> <span class='ocrx_word' id='word_1_281' title='bbox 950 2920 977 2957; x_wconf 79' lang='lat' dir='ltr'>nc</span> 
     </span>
     <span class='ocr_line' id='line_1_36' title="bbox 75 2985 974 3062; baseline -0.003 -21"><span class='ocrx_word' id='word_1_282' title='bbox 75 2985 168 3060; x_wconf 90' lang='lat' dir='ltr'>possit</span> <span class='ocrx_word' id='word_1_283' title='bbox 182 2985 261 3044; x_wconf 72' lang='lat' dir='ltr'>certi&gt;</span> <span class='ocrx_word' id='word_1_284' title='bbox 289 2986 428 3062; x_wconf 84' lang='lat' dir='ltr'>cognosci</span> <span class='ocrx_word' id='word_1_285' title='bbox 441 2985 473 3041; x_wconf 89' lang='lat' dir='ltr'>in</span> <span class='ocrx_word' id='word_1_286' title='bbox 495 2988 546 3042; x_wconf 72' lang='lat' dir='ltr'>sula</span> <span class='ocrx_word' id='word_1_287' title='bbox 573 2991 661 3043; x_wconf 77' lang='lat' dir='ltr'>caust</span> <span class='ocrx_word' id='word_1_288' title='bbox 683 2987 817 3043; x_wconf 84' lang='lat' dir='ltr'>tantum:</span> <span class='ocrx_word' id='word_1_289' title='bbox 847 3005 913 3060; x_wconf 87' lang='lat' dir='ltr'>quae</span> <span class='ocrx_word' id='word_1_290' title='bbox 928 3001 974 3040; x_wconf 85' lang='lat' dir='ltr'>cau</span> 
     </span>
     <span class='ocr_line' id='line_1_37' title="bbox 75 3063 873 3143; baseline -0.001 -21"><span class='ocrx_word' id='word_1_291' title='bbox 75 3064 201 3141; x_wconf 88' lang='lat' dir='ltr'>proinde</span> <span class='ocrx_word' id='word_1_292' title='bbox 214 3085 274 3123; x_wconf 90' lang='lat' dir='ltr'>non</span> <span class='ocrx_word' id='word_1_293' title='bbox 286 3078 458 3143; x_wconf 89' lang='lat' dir='ltr'>potestesse</span> <span class='ocrx_word' id='word_1_294' title='bbox 469 3065 592 3143; x_wconf 72' lang='lat' dir='ltr'>physice</span> <span class='ocrx_word' id='word_1_295' title='bbox 607 3063 873 3142; x_wconf 83' lang='lat' dir='ltr'>praedeterminota.</span> 
     </span>
    </p>

    <p class='ocr_par' dir='ltr' id='par_1_7' title="bbox 77 3144 977 3777">
     <span class='ocr_line' id='line_1_38' title="bbox 117 3144 977 3204; baseline -0.007 -2"><span class='ocrx_word' id='word_1_296' title='bbox 117 3145 208 3204; x_wconf 90' lang='lat' dir='ltr'>Vlll.</span> <span class='ocrx_word' id='word_1_297' title='bbox 226 3148 370 3204; x_wconf 89' lang='lat' dir='ltr'>Probatur</span> <span class='ocrx_word' id='word_1_298' title='bbox 384 3145 424 3204; x_wconf 80' lang='lat'>3⁰.</span> <span class='ocrx_word' id='word_1_299' title='bbox 434 3166 471 3203; x_wconf 87' lang='lat' dir='ltr'>ex</span> <span class='ocrx_word' id='word_1_300' title='bbox 485 3145 729 3204; x_wconf 90' lang='lat' dir='ltr'>inconvenientiis</span> <span class='ocrx_word' id='word_1_301' title='bbox 741 3144 863 3202; x_wconf 83' lang='lat' dir='ltr'>alierum</span> <span class='ocrx_word' id='word_1_302' title='bbox 872 3151 977 3202; x_wconf 81' lang='lat' dir='ltr'>sentent</span> 
     </span>
     <span class='ocr_line' id='line_1_39' title="bbox 77 3224 977 3303; baseline -0.006 -21"><span class='ocrx_word' id='word_1_303' title='bbox 77 3245 179 3285; x_wconf 90' lang='lat' dir='ltr'>arum:</span> <span class='ocrx_word' id='word_1_304' title='bbox 205 3226 422 3284; x_wconf 88' lang='lat' dir='ltr'>Molinistarum</span> <span class='ocrx_word' id='word_1_305' title='bbox 445 3226 577 3303; x_wconf 89' lang='lat' dir='ltr'>quidem,</span> <span class='ocrx_word' id='word_1_306' title='bbox 602 3226 671 3303; x_wconf 89' lang='lat' dir='ltr'>quia</span> <span class='ocrx_word' id='word_1_307' title='bbox 695 3244 754 3282; x_wconf 90' lang='lat' dir='ltr'>non</span> <span class='ocrx_word' id='word_1_308' title='bbox 775 3225 894 3282; x_wconf 87' lang='lat' dir='ltr'>videtur</span> <span class='ocrx_word' id='word_1_309' title='bbox 909 3224 977 3282; x_wconf 88' lang='lat' dir='ltr'>salva</span> 
     </span>
     <span class='ocr_line' id='line_1_40' title="bbox 77 3302 976 3383; baseline -0.007 -20"><span class='ocrx_word' id='word_1_310' title='bbox 77 3306 153 3363; x_wconf 86' lang='lat' dir='ltr'>ratio</span> <span class='ocrx_word' id='word_1_311' title='bbox 167 3307 270 3383; x_wconf 87' lang='lat' dir='ltr'>primae</span> <span class='ocrx_word' id='word_1_312' title='bbox 279 3325 383 3374; x_wconf 83' lang='lat' dir='ltr'>causes,</span> <span class='ocrx_word' id='word_1_313' title='bbox 411 3318 445 3364; x_wconf 90' lang='lat' dir='ltr'>ut</span> <span class='ocrx_word' id='word_1_314' title='bbox 461 3308 549 3363; x_wconf 87' lang='lat' dir='ltr'>Num.</span> <span class='ocrx_word' id='word_1_315' title='bbox 566 3325 655 3383; x_wconf 80' lang='lat' dir='ltr'>praec.</span> <span class='ocrx_word' id='word_1_316' title='bbox 670 3315 822 3364; x_wconf 89' lang='lat' dir='ltr'>ostensum</span> <span class='ocrx_word' id='word_1_317' title='bbox 837 3315 904 3361; x_wconf 81' lang='lat' dir='ltr'>est:</span> <span class='ocrx_word' id='word_1_318' title='bbox 934 3302 976 3358; x_wconf 89' lang='lat' dir='ltr'>Th</span> 
     </span>
     <span class='ocr_line' id='line_1_41' title="bbox 78 3382 977 3464; baseline -0.002 -22"><span class='ocrx_word' id='word_1_319' title='bbox 78 3385 232 3444; x_wconf 86' lang='lat' dir='ltr'>mistarum</span> <span class='ocrx_word' id='word_1_320' title='bbox 247 3385 326 3453; x_wconf 77' lang='lat' dir='ltr'>verti,</span> <span class='ocrx_word' id='word_1_321' title='bbox 341 3386 412 3463; x_wconf 86' lang='lat' dir='ltr'>quia</span> <span class='ocrx_word' id='word_1_322' title='bbox 425 3406 485 3443; x_wconf 90' lang='lat' dir='ltr'>non</span> <span class='ocrx_word' id='word_1_323' title='bbox 508 3397 640 3464; x_wconf 83' lang='lat' dir='ltr'>apparet,</span> <span class='ocrx_word' id='word_1_324' title='bbox 669 3385 827 3462; x_wconf 93' lang='lat' dir='ltr'>quomodo,</span> <span class='ocrx_word' id='word_1_325' title='bbox 849 3385 929 3442; x_wconf 74' lang='lat' dir='ltr'>salvi</span> <span class='ocrx_word' id='word_1_326' title='bbox 955 3382 977 3440; x_wconf 83' lang='lat' dir='ltr'>l]</span> 
     </span>
     <span class='ocr_line' id='line_1_42' title="bbox 81 3465 977 3544; baseline -0.003 -23"><span class='ocrx_word' id='word_1_327' title='bbox 81 3468 244 3536; x_wconf 82' lang='lat' dir='ltr'>sanctitate,</span> <span class='ocrx_word' id='word_1_328' title='bbox 256 3466 414 3525; x_wconf 89' lang='lat' dir='ltr'>consistere</span> <span class='ocrx_word' id='word_1_329' title='bbox 424 3468 517 3544; x_wconf 88' lang='lat' dir='ltr'>possit</span> <span class='ocrx_word' id='word_1_330' title='bbox 531 3466 611 3543; x_wconf 79' lang='lat' dir='ltr'>quod</span> <span class='ocrx_word' id='word_1_331' title='bbox 622 3465 863 3543; x_wconf 79' lang='lat' dir='ltr'>praedeterminet</span> <span class='ocrx_word' id='word_1_332' title='bbox 872 3465 910 3522; x_wconf 90' lang='lat' dir='ltr'>ad</span> <span class='ocrx_word' id='word_1_333' title='bbox 924 3471 977 3519; x_wconf 82' lang='lat' dir='ltr'>mat</span> 
     </span>
     <span class='ocr_line' id='line_1_43' title="bbox 81 3544 977 3624; baseline -0.002 -24"><span class='ocrx_word' id='word_1_334' title='bbox 81 3544 154 3604; x_wconf 89' lang='lat' dir='ltr'>riale</span> <span class='ocrx_word' id='word_1_335' title='bbox 166 3547 291 3624; x_wconf 87' lang='lat' dir='ltr'>peccati,</span> <span class='ocrx_word' id='word_1_336' title='bbox 315 3547 363 3606; x_wconf 92' lang='lat' dir='ltr'>cui</span> <span class='ocrx_word' id='word_1_337' title='bbox 377 3547 500 3606; x_wconf 88' lang='lat' dir='ltr'>formale</span> <span class='ocrx_word' id='word_1_338' title='bbox 523 3567 575 3604; x_wconf 91' lang='lat' dir='ltr'>seu</span> <span class='ocrx_word' id='word_1_339' title='bbox 591 3546 702 3603; x_wconf 90' lang='lat' dir='ltr'>malitia</span> <span class='ocrx_word' id='word_1_340' title='bbox 721 3545 977 3618; x_wconf 68' lang='lat' dir='ltr'>inseparabiliter«</span> 
     </span>
     <span class='ocr_line' id='line_1_44' title="bbox 82 3624 977 3700; baseline -0.004 -17"><span class='ocrx_word' id='word_1_341' title='bbox 82 3645 214 3686; x_wconf 82' lang='lat' dir='ltr'>annexa:</span> <span class='ocrx_word' id='word_1_342' title='bbox 243 3626 361 3686; x_wconf 86' lang='lat' dir='ltr'>videtur</span> <span class='ocrx_word' id='word_1_343' title='bbox 384 3629 461 3686; x_wconf 93' lang='lat' dir='ltr'>enim</span> <span class='ocrx_word' id='word_1_344' title='bbox 476 3628 518 3685; x_wconf 88' lang='lat' dir='ltr'>sic</span> <span class='ocrx_word' id='word_1_345' title='bbox 540 3627 632 3697; x_wconf 87' lang='lat' dir='ltr'>Deus,</span> <span class='ocrx_word' id='word_1_346' title='bbox 661 3625 709 3682; x_wconf 85' lang='lat' dir='ltr'>vel</span> <span class='ocrx_word' id='word_1_347' title='bbox 722 3625 754 3682; x_wconf 90' lang='lat' dir='ltr'>in</span> <span class='ocrx_word' id='word_1_348' title='bbox 768 3625 909 3683; x_wconf 86' lang='lat' dir='ltr'>malitiam</span> <span class='ocrx_word' id='word_1_349' title='bbox 922 3624 977 3700; x_wconf 83' lang='lat' dir='ltr'>ipsa</span> 
     </span>
     <span class='ocr_line' id='line_1_45' title="bbox 83 3704 977 3777; baseline 0 -17"><span class='ocrx_word' id='word_1_350' title='bbox 83 3704 217 3777; x_wconf 84' lang='lat' dir='ltr'>influere,</span> <span class='ocrx_word' id='word_1_351' title='bbox 245 3705 293 3766; x_wconf 87' lang='lat' dir='ltr'>vel</span> <span class='ocrx_word' id='word_1_352' title='bbox 320 3708 423 3766; x_wconf 85' lang='lat' dir='ltr'>saltem</span> <span class='ocrx_word' id='word_1_353' title='bbox 459 3707 608 3766; x_wconf 91' lang='lat' dir='ltr'>hominem</span> <span class='ocrx_word' id='word_1_354' title='bbox 641 3705 840 3766; x_wconf 80' lang='lat' dir='ltr'>efficacissima</span> <span class='ocrx_word' id='word_1_355' title='bbox 881 3715 977 3763; x_wconf 75' lang='lat' dir='ltr'>tentae</span> 
     </span>
    </p>
   </div>
   <div class='ocr_carea' id='block_1_3' title="bbox 0 0 1090 4072">
    <p class='ocr_par' dir='ltr' id='par_1_8' title="bbox 0 0 1090 4072">
     <span class='ocr_line' id='line_1_46' title="bbox 0 0 1090 4072; baseline 0 0"><span class='ocrx_word' id='word_1_356' title='bbox 0 0 1090 4072; x_wconf 95' lang='lat' dir='ltr'> </span> 
     </span>
    </p>
   </div>
  </div>
 </body>
</html>
