2152 4066
388 101 436 150 na
451 100 625 146 caecaris.
912 83 990 146 803‘

62 244 239 309 Moderatio
251 247 316 309 haec
329 247 409 306 mere
423 247 493 306 ideo
505 258 550 307 eat
571 246 715 318 adhibita,
738 258 773 307 ut
785 255 854 326 poet
863 247 978 309 factum

58 328 164 390 mines
173 328 238 406 pioa
251 338 282 387 et
294 327 448 387 timoratos
461 330 478 387 a
491 337 613 404 peccato
628 327 714 406 gravi
728 347 870 388 excusare
883 330 978 407 possi-

58 429 115 480 aa;
140 411 244 470 veriam
253 407 330 468 nulli
341 411 449 467 author
463 427 527 467 ease
541 407 641 477 velim,
664 417 698 467 ut
712 407 779 466 ideo
791 427 893 468 causae
911 409 977 469 illaa

58 491 128 550 ntia
142 487 266 550 solliciti
282 488 376 560 vitet;
387 499 587 567 praeterquam
597 489 686 558 enim,
696 488 775 566 quhd
784 489 843 549 sint
856 501 978 569 peccata

58 569 166 642 uialia,
180 568 315 648 adeoque
326 569 458 640 vitanda,
486 567 602 626 lubrica
612 568 700 627 nimis
714 579 759 628 est
769 569 834 629 haec
844 571 977 642 materia,

58 648 119 710 dm
134 662 170 710 ut
183 649 251 728 quie
272 649 454 709 blandiendo
477 647 533 707 eibi
543 649 704 707 terminum
719 649 912 725 praescribere
926 672 977 710 va·

58 740 91 791 tt.
137 730 267 792 Accedit
280 730 456 790 senteutiam
468 728 547 788 hanc
557 748 618 787 non
633 748 696 787 ease
710 729 783 788 aded
797 741 919 791 certam.

109 891 152 951 N.
168 898 234 952 114.
261 892 320 951 DE
342 889 684 952 DELECTATIONE
708 841 896 950 Morosa

68 1050 235 1112 Delectatio
259 1071 378 1111 moroso.
396 1128 403 1143 ·
421 1050 463 1111 11.
487 1049 547 1109 Cur
569 1049 751 1109 siccaretur.
794 1049 856 1109 ΙΙΙ.
885 1050 978 1111 Potest

60 1151 128 1189 care
140 1151 201 1190 cam
214 1133 288 1191 omni
300 1139 431 1190 matam.

63 1291 181 1365 QUID
203 1303 248 1352 est
261 1291 419 1351 delectatio
433 1292 572 1350 morosa?

66 1373 97 1432 Ι.
113 1374 149 1432 R.
175 1374 230 1433 Est
248 1372 415 1432 voluntaria
429 1368 641 1448 complacentia
656 1369 734 1429 eirca
754 1370 905 1450 objectum
919 1370 977 1430 illi-

58 1464 133 1525 tum,
148 1454 260 1530 absque
274 1453 427 1512 voluntate
440 1450 586 1529 implendi
601 1469 654 1508 scu
668 1452 836 1528 exequendi
852 1473 938 1531 opua.

69 1533 116 1594 ΙΙ.
130 1535 260 1593 Vocatur
275 1540 296 1567 “
309 1534 452 1603 moroaa‚''
474 1551 536 1590 non
550 1553 568 1590 a
581 1550 662 1590 mora
675 1531 828 1609 temporis,
843 1553 903 1611 quo
920 1530 979 1592 dua

58 1623 94 1674 t:
109 1634 179 1673 narn
190 1615 280 1673 unico
293 1613 414 1672 instanti
428 1612 530 1691 perfici
540 1621 651 1689 potest;
663 1610 716 1669 sed
729 1611 747 1670 d
761 1632 844 1672 mora
857 1613 978 1673 rationis

58 1713 97 1755 ιω
111 1694 336 1753 delectationem
347 1693 433 1764 hanc,
439 1704 597 1772 postquam
608 1711 672 1750 eam
682 1690 821 1761 advertit,
834 1693 979 1771 repellere

58 1773 178 1852 egligit3
208 1786 237 1833 et
261 1776 304 1833 sic
317 1774 392 1832 ratio
411 1785 456 1832 est
469 1774 500 1831 in
521 1792 605 1832 mora
631 1771 779 1847 fungendi
798 1793 851 1832 suo
873 1774 978 1833 officio.

59 1864 134 1913 otest
148 1855 236 1914 etiam
250 1855 310 1914 dici
323 1874 449 1924 morosa,
465 1852 621 1932 quiaratio
636 1851 663 1912 ei
676 1851 851 1912 immoratur
864 1856 978 1933 absque

58 1933 185 1994 oluntate
198 1935 381 2015 procedendi
394 1938 433 1994 ad
447 1936 544 2013 ipsum
560 1953 619 2010 opu
625 1953 646 1992 a.

73 2015 108 2073 ln
123 2036 183 2093 qua
196 2017 318 2075 materia
332 2016 395 2073 haec
409 2014 567 2074 delectatio
580 2013 680 2072 locum
700 2015 813 2074 habet?

73 2096 132 2154 lll.
148 2098 184 2155 R.
196 2096 343 2170 Quamvis
357 2096 514 2155 delectatio
527 2114 643 2152 morosa
655 2094 845 2173 frequentiis
859 2096 976 2154 contin-

58 2185 82 2233 at
95 2176 174 2234 circa
199 2197 333 2246 venerea,
361 2176 459 2235 locum
481 2185 581 2233 tamen
608 2175 719 2234 habere
733 2186 832 2254 potest
845 2175 877 2233 in
903 2196 978 2253 qua.

58 2276 159 2334 umque
168 2257 301 2328 materia,
307 2268 342 2316 ut
355 2256 433 2315 circa
441 2257 565 2326 furtum,
576 2275 720 2332 pugnam,
730 2256 903 2327 vindictam,
916 2268 974 2315 etc.

70 2345 120 2397 An
142 2337 299 2397 delectatio
320 2356 438 2396 morosa
457 2335 557 2393 differt
576 2336 754 2394 adesiderto
778 2347 808 2394 et
823 2336 978 2396 voluntate

84 2417 147 2477 ris?
361 2426 364 2431 ’

58 2435 125 2558 pr.
143 2499 178 2556 R.
195 2499 387 2568 Affirmative‚
401 2498 433 2555 in
445 2496 503 2554 hoc
517 2495 639 2565 scilicet,
649 2498 729 2575 qudd
738 2497 896 2559 delectatio
909 2517 973 2554 mo·

58 2600 92 2638 aa
106 2579 147 2637 sit
160 2579 344 2637 solummodo
359 2576 570 2655 complacentia
583 2577 662 2635 circa
681 2598 755 2654 opus
769 2597 822 2655 per
844 2577 978 2636 intellec·

60 2679 88 2716 m
101 2658 154 2717 vel
168 2659 351 2737 phantasiam
366 2657 596 2736 apprehensum,
623 2658 676 2715 ubi
688 2657 870 2716 desiderium
882 2666 912 2716 et
923 2677 976 2739 qo-

57 2751 127 2799 ntaa
141 2740 239 2817 operis
253 2751 298 2798 eet
312 2738 434 2798 affectus
448 2738 486 2797 ad
500 2738 601 2815 ipsum
618 2757 694 2814 opus
717 2738 836 2797 realiter
849 2737 977 2817 implen-

58 2839 110 2893 tm,
127 2822 143 2878 ὲ
159 2841 220 2898 quo
233 2820 377 2878 abstrahit
391 2818 452 2877 sola
467 2818 631 2876 delectatio.

58 2988 155 3042 .115.
200 2982 258 3040 DE
289 2979 497 3117 PECCATRQ
501 2978 864 3116 S13¹}JLECT'P2TIONIS
898 2979 978 3038 ΜΟ-

287 3219 318 3278 n.
338 3219 435 3278 raon.
448 3226 544 3301 queo.
559 3223 609 3284 m.
622 3190 677 3278 aa.
694 3227 722 3280 e.

72 3376 233 3438 Delectalio
246 3395 354 3436 morosa
377 3383 417 3434 eat
432 3375 521 3435 mola.
564 3376 606 3436 ΙΙ.
637 3376 675 3434 In
696 3375 791 3434 eadem
811 3373 903 3465 aperie
915 3392 978 3432 curn

66 3455 179 3536 objecto.
217 3457 278 3519 lll-
293 3456 512 3515 Malitialamen
525 3457 668 3517 criminor
681 3454 784 3535 qudma‘
804 3472 864 3512 atus
875 3453 978 3530 operia.

68 3537 123 3597 lv.
135 3536 236 3595 Monet
250 3547 341 3595 tamen
356 3535 490 3606 mortalia,
515 3536 541 3592 ai
553 3535 686 3614 olp'ectum
700 3532 737 3590 ait
751 3473 816 3591 tede.
858 3533 895 3594 V.
910 3532 976 3591 Ea.

66 3614 189 3694 plicatur
197 3624 288 3686 tectus
301 3613 410 3675 Jacobt

60 3760 195 3826 PROBA
208 3769 440 3832 delectationem
453 3793 608 3836 morosam
619 3775 702 3838 circa
711 3772 876 3855 obiectum
884 3770 1007 3828 malum

58 3845 219 3908 emalam?
473 3863 495 3917 2
514 3865 568 3920 η
