2152 4066
65 101 129 169 262
437 124 640 169 roacrarus

105 269 342 344 QUAERITUR
365 270 405 330 1⁰.
418 281 560 349 quantam
575 280 659 329 actus
671 271 780 340 bonus,
794 267 908 328 relatus
922 269 958 328 ad
968 271 989 330 fi.

66 370 134 409 nem
148 352 274 419 bonum,
292 348 362 409 inde
376 351 531 411 contrahat
544 351 731 410 bonitatem?

108 432 136 490 1.
158 429 192 488 R.
214 431 290 488 Cum
306 432 336 491 S.
351 432 458 490 Thom.
482 442 538 492 art.
555 439 582 492 8.
599 430 679 508 qubd
697 428 863 508 aliquando
885 430 989 508 accipis

67 522 158 570 totam
172 510 335 569 bonitatem
350 510 426 583 finis,
447 511 608 589 aliqnando
617 529 694 570 non:
713 510 841 587 accipiat
854 511 989 569 totambo

68 592 192 649 nitatem
209 587 285 660 finis,
307 591 332 649 si
345 602 428 651 actus
442 592 493 650 ille
507 593 546 651 sit
560 593 629 650 satis
643 592 744 650 efficax
758 600 790 649 et
803 590 989 668 proportiom

67 681 117 729 tus
130 671 290 729 secundum
305 691 406 731 omnes
426 693 492 733 suas
510 671 745 731 circumstantias
767 669 809 729 ad
822 671 915 729 finem
928 669 989 728 illur

67 750 302 828 assequendum:
334 772 362 810 v.
385 773 418 830 g.
439 753 587 830 quispiam
608 749 738 810 intendit
759 750 800 808 in·
817 750 923 828 aliquo
944 761 989 809 act·

67 830 173 888 amoris
186 832 304 889 tantum
317 852 415 892 amare
435 833 597 903 Christum,
613 833 754 909 quantum
769 831 885 889 amavit
898 849 964 888 eum
977 831 989 889 l

69 910 246 969 Laurentius
257 934 267 982 3
280 911 306 970 si
318 912 369 972 ille
377 924 460 973 actus
470 911 577 971 amoris
587 911 729 990 procedat
742 930 778 969 ex
794 909 905 989 aequali
919 910 989 970 chari

64 1000 126 1050 tate
139 989 284 1050 habituali
298 1003 329 1051 et
341 995 437 1070 gratia
450 991 567 1063 actuali,
582 992 701 1070 qualem
714 991 820 1049 habuit
831 990 865 1049 S.
881 991 989 1049 Lauret

71 1070 141 1141 tius,
162 1082 246 1130 actus
259 1071 310 1130 ille
324 1072 448 1133 habebit
459 1083 553 1133 totam
568 1073 730 1132 bonitatem
748 1071 816 1130 finis
840 1088 896 1129 seu
909 1070 988 1128 interr

72 1149 175 1209 tionis:
201 1151 242 1209 11.
265 1151 289 1210 si
303 1157 371 1212 verb
385 1167 469 1213 actus
489 1153 541 1211 illc
563 1173 624 1211 non
648 1152 687 1210 sit
709 1164 771 1209 tam
794 1152 943 1219 intensus,
966 1170 989 1206 n

72 1229 169 1289 minor
190 1230 230 1290 sit
251 1234 347 1310 gratia
371 1233 539 1304 habitualis,
561 1233 656 1292 aliave
677 1231 904 1293 circumstantia
928 1229 987 1289 desi

74 1328 134 1370 non
149 1310 269 1371 habebit
282 1324 374 1373 totam
388 1316 548 1374 bonitatem
564 1313 639 1374 finis.

115 1391 239 1465 Pariter,
260 1394 366 1472 siquis
382 1395 524 1474 largiatur
538 1413 683 1452 summam
695 1391 893 1471 pecuniarum
907 1392 988 1450 suffic

74 1481 172 1530 entem
195 1491 233 1531 ex
254 1473 417 1535 intentione
436 1474 535 1533 alendi
558 1473 777 1551 quinquaginta
797 1491 958 1550 pauperes,
984 1495 988 1527 ε

73 1551 207 1628 pecunia
223 1573 290 1612 casu
304 1566 437 1634 pereant,
461 1555 581 1631 largitio
594 1554 645 1612 illa
658 1554 779 1612 habebit
791 1563 887 1613 totarn
901 1552 988 1611 bonit

74 1643 135 1689 tem
147 1633 374 1695 alimentationis
398 1636 518 1694 intenta
538 1634 755 1712 quinquaginta
776 1652 968 1712 pauperum:

74 1721 173 1771 autern
193 1713 245 1773 det
257 1734 401 1775 summam
415 1715 651 1785 insufficientem,
672 1734 701 1773 v.
715 1735 745 1792 g.
759 1713 865 1772 decem
880 1712 988 1771 floreno

74 1810 134 1849 non
147 1793 269 1853 habebit
280 1804 372 1855 totam
386 1795 452 1854 finis
465 1796 637 1863 bonitatem,
658 1795 729 1872 quia
749 1792 885 1852 medium
899 1812 988 1852 none

78 1870 130 1929 fini
144 1874 407 1952 proportionatum.

118 1953 165 2011 Ex
179 1954 282 2013 eodem
296 1955 416 2016 defectu
429 1956 575 2034 provenit,
591 1954 672 2033 quod
686 1955 824 2014 voluntas
839 1964 988 2013 converter

79 2031 109 2089 di
123 2044 218 2092 totum
229 2037 385 2107 mundum,
399 2037 498 2095 alendi
508 2057 610 2095 omnes
620 2055 775 2113 pauperes,
790 2034 943 2093 liberandi
957 2055 988 2093 on

78 2131 129 2171 nes
138 2115 250 2174 animas
259 2136 294 2174 ex
303 2117 485 2195 purgatorio,
496 2128 551 2175 etc.
562 2137 623 2174 non
633 2116 740 2174 habeat
749 2127 841 2174 totam
852 2115 988 2173 bonitate:

77 2191 163 2265 finis;
178 2214 245 2252 nam
260 2216 314 2272 per
333 2198 453 2256 unicum
466 2197 628 2255 voluntatis
645 2207 744 2255 actum
758 2216 818 2253 non
833 2206 962 2273 possunt
972 2194 988 2252 il

78 2271 148 2332 fines
156 2274 293 2344 obtineri,
308 2277 409 2354 sicque
419 2277 550 2335 medium
562 2296 622 2335 non
634 2287 678 2335 est
688 2276 739 2333 fini
748 2276 988 2353 proportionetur

117 2353 178 2411 ΙΙΙ.
193 2355 404 2415 Verumtamen
418 2358 491 2416 utile
502 2372 546 2415 est
555 2356 727 2436 hujusmodi
741 2356 813 2413 fines
823 2355 988 2432 perfectiori

76 2432 182 2492 affectu
196 2437 355 2512 prosequi;
370 2438 440 2515 quia
454 2436 585 2496 medium
600 2457 717 2515 semper
729 2436 846 2513 aliquid
860 2436 988 2513 particip

77 2513 114 2571 de
128 2514 258 2574 bonitate
272 2516 357 2576 finis:
378 2519 418 2576 ita
431 2518 589 2595 quisquam
603 2517 775 2576 desiderans
787 2516 988 2574 communican

74 2595 155 2654 recte
169 2607 289 2674 exoptat
303 2598 454 2658 Christum
467 2598 499 2655 in
514 2598 701 2656 Eucharistia
713 2596 872 2673 suscipere,
893 2615 962 2654 cum
980 2616 988 2653 e

78 2673 230 2745 charitate,
246 2679 306 2754 qud
320 2698 388 2736 eum
404 2678 483 2737 Diva
496 2679 582 2754 virgo
592 2678 736 2755 concepit,
749 2696 814 2735 curu
830 2697 865 2734 ea
878 2696 988 2735 reverer

78 2755 128 2823 tia,
150 2756 211 2833 qua
234 2777 302 2816 eum
327 2757 453 2817 adorant
476 2758 596 2835 Angeli,
628 2778 696 2816 cum
723 2767 805 2816 tanta
829 2757 988 2816 contrition·

81 2848 222 2911 quantam
235 2836 341 2896 habuit
359 2841 472 2909 Petrus,
496 2841 525 2896 M
530 2839 590 2896 aria
606 2837 793 2915 Magdalena‚
815 2839 870 2896 &c

121 2914 167 2973 Ita
181 2915 268 2974 etiarn
284 2919 397 2976 utiliter
410 2918 554 2977 excitabis
576 2919 692 2995 aliquos
706 2917 836 2988 affectus,
862 2938 890 2975 v·
902 2937 932 2995 g.
951 2936 987 2975 sur

79 2995 217 3054 currendi
230 2999 368 3057 omnibus
381 3000 572 3077 pauperibus,
588 2999 613 3058 si
624 2997 764 3075 possibile
777 2998 873 3069 foret;
896 3008 987 3075 proptr

78 3075 216 3134 affectum
230 3077 319 3149 enim,
334 3080 456 3137 viduam
471 3079 583 3154 (Marci
594 3087 640 3138 12.
649 3099 680 3137 v.
692 3081 756 3156 42.)
771 3097 839 3154 quae
848 3078 909 3135 duo
920 3079 987 3135 mim

77 3166 108 3214 ta
121 3157 240 3216 miserat
253 3156 284 3213 in
298 3159 556 3238 gazophylacium,
570 3159 639 3237 plus
652 3160 789 3217 omnibus
800 3158 928 3228 dedisse,
942 3158 987 3214 dix

78 3236 229 3297 Christus:
256 3237 298 3296 sic
322 3239 354 3297 in
377 3239 513 3317 passione
536 3239 654 3297 levioris
669 3237 778 3297 doloris
793 3238 839 3296 vel
854 3238 987 3296 affliction

74 3318 232 3394 augebitur
245 3319 384 3379 meritum
398 3339 435 3378 ex
448 3319 557 3379 affectu
570 3339 686 3398 magma
697 3318 857 3389 charitatis,
872 3319 987 3397 martyri

73 3406 130 3456 etc.

118 3478 266 3550 Quantam
281 3490 365 3540 actus
377 3481 474 3540 malus
488 3479 643 3540 contrahat
655 3479 797 3539 malitiam
813 3499 850 3538 ex
865 3478 944 3538 malo
958 3479 987 3536 fir

81 3557 217 3619 intento?

121 3638 175 3695 IV.
192 3638 226 3696 R.
239 3639 269 3697 S.
281 3640 388 3699 Thom.
401 3652 456 3700 art
467 3642 519 3700 cit.
531 3640 571 3699 ad
584 3648 614 3702 3.
636 3648 656 3674 “
662 3640 816 3712 Quantum
825 3638 904 3697 mala
918 3649 962 3698 est
972 3638 987 3696 ii

79 3723 101 3749 “
111 3718 214 3790 tentio,
228 3722 339 3780 tantum
355 3734 401 3783 est
420 3721 498 3782 mala
512 3721 676 3791 voluntas,''
693 3741 745 3780 seu
759 3719 945 3779 contrahitur
957 3730 987 3779 to
