2160 4072
252 116 298 160 ue
317 116 366 159 et.
379 112 589 159 rernmnrn.
848 94 895 162 ὥ

53 274 117 324 tus
128 261 259 331 divinos
268 271 313 320 est
323 261 568 340 patientissimus,
578 240 613 318 et
626 259 695 318 ideo
708 262 794 320 Pater
808 261 895 322 intel-

53 365 134 416 se,
154 343 301 437 producit
320 343 455 400 Verbum
469 341 683 420 perfeotissina'e
707 340 763 400 sibi
788 343 894 413 simle,

53 450 71 487 e
99 423 235 484 simile
223 442 258 485 nt
285 421 388 480 eadem
411 440 514 482 seeum
541 433 657 490 natura,
687 441 739 480 seu
759 388 894 500 &ssimi

53 516 191 567 naturoe.

277 850 497 935 onasum
519 850 571 917 ιι,

287 1070 334 1128 De
354 1065 556 1125 Relationilae.

151 1322 191 1380 N.
215 1322 263 1380 60.
289 1320 343 1378 DE
363 1315 699 1385 ΙΙἙΙΑΤΙΟΙΙΙΒΙΙὸ.

58 1482 123 1539 Deo
146 1489 211 1538 aaut
225 1489 345 1560 prrotuor
357 1477 511 1536 relationes
555 1477 603 1534 ΙΙ
624 1474 895 1553 Oppositoeinterse

53 1561 104 1618 iter
127 1560 351 1623 distinerentur.
395 1558 454 1615 ΙΙΙ.
491 1557 562 1614 Tres
583 1560 689 1613 tuntum
713 1565 779 1623 aunt
796 1576 893 1637 parto·

53 1660 76 1695 s.
121 1641 176 1697 ΙΙΙ.
191 1608 312 1706 litDro
329 1659 383 1697 non
407 1643 447 1693 eat
471 1634 654 1714 quaternitas
691 1635 732 1692 V.
752 1635 792 1694 In
807 1636 897 1695 Putre

53 1739 96 1775 ms
107 1718 267 1788 relativum,
289 1719 362 1795 quod
375 1736 428 1774 ιιοιι
437 1657 488 1773 eal
490 1715 521 1772 in
536 1714 565 1771 F
564 1713 625 1772 etto
611 1713 789 1792 furialiter

53 1879 191 1939 mlo
207 1890 251 1936 est
264 1877 337 1936 ordo
351 1897 403 1934 seu
414 1887 570 1969 respectus
585 1876 680 1933 unius
677 1875 718 1932 ad
728 1874 824 1933 alind.

53 1959 203 2035 tinguitur
216 1960 247 2015 in
257 1957 366 2016 realem
378 1968 418 2014 et
421 1958 543 2015 rationis
556 1956 750 2014 relationem.
763 1955 828 2014 haec
837 1965 895 2025 est,

53 2040 102 2096 leo
115 2040 259 2098 tribuitur
272 2058 327 2116 per
340 2048 509 2114 respectam
523 2036 560 2094 ad
575 2036 713 2094 ellectum
727 2034 765 2094 ad
786 2046 890 2105 extre·

62 2119 167 2178 relatio
186 2120 343 2188 Creatoris,
367 2118 497 2188 Domini,
520 2128 575 2175 etc.

53 2199 114 2257 atio
127 2199 215 2258 realis
224 2209 279 2269 est,
295 2216 363 2276 quse
374 2198 406 2253 in
418 2199 485 2255 Deo
496 2196 677 2256 verteristit
686 2198 897 2276 peractionem

53 2292 181 2349 nentem,
203 2299 268 2356 quae
283 2277 371 2337 realis
385 2288 437 2336 est.

53 2324 188 2438 digitu}
201 2371 247 2418 est
260 2357 365 2418 relano
377 2357 486 2416 realis?
590 2378 593 2383 ·

55 2441 112 2498 Est
132 2440 279 2498 habitudo
302 2459 355 2497 seu
373 2447 536 2516 respectus,
558 2459 619 2518 qno
631 2459 778 2517 persona·
761 2430 899 2498 Divina

53 2519 121 2578 liter
131 2521 172 2578 ad
185 2520 360 2578 seinvicem
373 2520 545 2576 referuntur
558 2521 672 2579 ratione
692 2519 898 2599 processionis

53 2611 80 2658 ot
92 2612 166 2658 sunt
178 2601 335 2658 relationes
348 2597 464 2656 reales'
455 2618 487 2655 ιιι
502 2601 591 2657 Deo?

53 2681 72 2737 Ι.
83 2682 162 2738 Sunt
173 2691 310 2758 quatuor,
319 2679 459 2737 nimirum
468 2681 640 2755 paternitas,
652 2680 763 2751 filiatio,
778 2679 900 2774 spiratio

53 2770 97 2819 et
111 2761 234 2838 spiratio
246 2761 381 2838 passiva.
409 2759 475 2816 dua
489 2759 598 2816 etenim
614 2770 684 2819 sunt
696 2761 899 2838 processiones
966 2774 971 2785 “

53 2861 83 2910 n,
99 2852 131 2898 et·
143 2841 261 2918 singula
269 2840 422 2918 duplicem
432 2839 532 2917 exigit
536 2840 717 2910 relationem,
727 2861 817 2899 unam
831 2862 901 2920 pro-

53 2922 96 2978 trs
105 2921 339 2998 adproduetum
350 2920 470 2977 alteram
480 2920 620 2997 producti
629 2921 667 2979 ad
679 2885 901 2998 producentem.

53 3001 159 3060 omodo
174 3000 350 3059 relationes
342 3012 405 3058 rstae
418 3001 496 3057 inter
505 3020 540 3058 se
555 3001 806 3078 distinguuntur?
875 3028 879 3035 ¹

74 3082 108 3138 R.
134 3080 212 3152 Quoe
236 3080 293 3139 sibi
316 3083 421 3138 mutuo
446 3093 650 3173 opponuntur,
674 3081 901 3179 distinguuntur

53 3180 84 3220 se
102 3161 231 3230 realiter
254 3171 284 3219 et
298 3162 339 3219 ita
352 3162 514 3238 paternitas
528 3172 558 3218 et
569 3161 679 3220 filiatio
691 3163 834 3222 realiter
825 3174 901 3221 inter

53 3242 253 3319 sting'uuntnr,
279 3242 323 3300 uti
348 3242 436 3299 etiam
460 3242 583 3318 spiratio
608 3243 705 3300 activa
723 3255 754 3302 et
776 3243 901 3320 passiva.

53 3321 89 3380 tio
101 3322 232 3415 passiva·
235 3322 323 3380 etiam
338 3321 456 3398 realiter
469 3321 699 3400 distinguitur
687 3344 705 3380 a
724 3323 902 3402 paternitate

53 3403 163 3460 stione
154 3404 260 3480 ,quia
276 3402 345 3460 lieet
358 3421 419 3459 non
429 3402 538 3459 habeat
549 3421 617 3461 cum
632 3401 692 3460 illis
702 3403 903 3461 immediatam

53 3481 188 3546 itionem,
211 3482 300 3540 habet
314 3492 413 3539 tamen
427 3481 597 3551 mediatam,
613 3482 759 3559 quatenns
773 3483 903 3560 paterni·

53 3561 152 3622 filiatio
159 3573 320 3620 connotant
329 3563 519 3639 spirationem
530 3563 667 3632 activam,
674 3564 733 3639 qud
744 3563 902 3645 med'nntq

53 3655 153 3703 tuntur
165 3644 298 3721 passiva.

53 3842 56 3856 .
76 3800 183 3856 dest
201 3799 308 3860 Ttt'tnl.
413 3821 460 3860 1·
