2160 4072
371 44 374 58 ’
412 39 459 77 DE
482 39 553 78 DBO
904 39 944 80 {t

17 183 71 245 osi
83 182 182 242 libere
195 187 297 240 nutat
320 176 485 238 umidum
506 178 706 240 conditionem
719 176 881 239 voluntatis
893 177 951 238 ltu-

15 282 118 334 mo,
134 278 203 341 que
215 260 378 319 liberaest.
887 326 890 331 Ι

51 345 124 424 Obj.
141 342 184 403 11.
209 338 302 416 Quod
316 338 451 416 sequitur
463 358 500 398 ex
515 336 727 418 inimpedibili,
740 337 817 398 illud
851 356 951 417 noque

22 435 68 484 est
76 406 280 484 numerium
293 429 324 478 et
332 418 559 499 inimpedibilee
585 418 670 497 atqui
683 419 821 479 voluntas
866 419 894 481 ei
908 430 953 479 est

16 502 440 646 msspffltziiiegigio'giffio
465 579 520 642 lV.
533 600 612 639 anno
627 579 949 659 147Q'condemnatom

17 676 58 728 est
69 666 102 725 in
115 668 208 726 Petro
221 662 260 720 de
274 660 361 730 Rivo,
375 668 411 719 ut
424 669 572 720 testentur
585 662 732 721 Doctores
752 659 953 719 Lovanienses

17 747 46 806 in
61 744 278 826 justificatione¹
288 739 414 801 celebn's
427 760 487 800 sua
504 758 634 800 censure
649 760 713 819 cap.
727 749 756 801 4.
781 740 952 800 Dicendum

17 826 115 904 igitur,
132 821 298 904 quodlicet
322 822 417 899 prima
429 841 518 881 causa
531 822 569 880 sit
583 820 806 900 inimpedibilis,
831 820 952 880 effectus

19 917 113 967 tmen
130 926 187 984 per
200 921 303 964 caum
317 900 462 968 secundas
482 902 658 980 productus,
673 902 711 960 sit
724 902 906 979 impedibilis
919 912 950 960 et

21 989 203 1066 contingens,
217 984 243 1044 si
255 981 315 1043 illae
327 1000 422 1042 causes
436 984 495 1042 sint
509 983 732 1060 contingentes:
747 982 809 1042 imo
823 982 910 1042 nteit
923 983 952 1042 S.

23 1068 123 1127 Thom.
136 1076 191 1126 art„
208 1071 235 1125 8.
251 1063 289 1122 ad
301 1071 331 1133 2,
356 1065 436 1122 “Ex
459 1083 505 1134 eo,
520 1063 601 1141 quod
614 1062 659 1122 nil
680 1062 787 1122 divina
806 1062 954 1122 voluntati

24 1148 137 1219 resistit,
152 1146 299 1223 sequitur,
314 1143 394 1221 quad
409 1152 503 1202 “non
523 1144 619 1202 solum
633 1143 706 1202 fiant
720 1165 764 1214 ea,
779 1164 844 1223 quae
867 1147 952 1205 Deus

26 1233 43 1261 “
53 1226 117 1287 vult
130 1226 206 1295 fieri,
231 1224 284 1284 sed
305 1222 386 1301 quod
400 1223 472 1283 liant
495 1224 702 1302 contingenter
715 1224 765 1282 vel
777 1225 952 1295 necessario,

27 1315 43 1342 “
55 1328 118 1386 quae
133 1308 176 1367 sic
190 1303 356 1366 fierivult.”
398 1305 481 1364 Hinc
496 1304 628 1383 Sylvius,
642 1303 792 1382 Wiggers.
804 1317 862 1366 etc.
873 1325 951 1364 cum.

28 1388 53 1447 S.
66 1389 179 1448 Thom,
202 1385 330 1464 primam
350 1384 481 1443 radicem
495 1383 704 1462 contingentia
723 1388 908 1445 constituunt
921 1387 953 1444 in

29 1469 147 1529 efficacia
159 1467 269 1526 divina
284 1465 454 1524 voluntatis

61 1550 108 1607 An
127 1548 222 1634 igitar
234 1545 278 1617 id,
301 1546 383 1622 quod
402 1546 488 1605 Deus
507 1545 574 1603 vult
593 1543 725 1605 absolute
738 1545 811 1618 fieri,
838 1565 899 1606 non
922 1547 956 1608 fit

33 1629 213 1688 necessario?

63 1707 95 1768 ll.
123 1708 208 1768 Illud
227 1705 292 1766 fieri
304 1704 470 1766 necessario
482 1706 656 1764 necessitate
669 1706 890 1782 consequentis
899 1728 953 1769 seu

32 1787 226 1856 infallibiliter,
242 1787 362 1847 sednon
370 1806 486 1864 semper
494 1785 668 1844 necessitate
677 1784 810 1845 absoluti
818 1808 870 1846 seu
885 1810 957 1869 con.

34 1866 957 2026 latetis?tall}llnletztiltl‘llxltit

37 2030 263 2171 oemeiuefflm
275 2027 420 2108 sequitur,
444 2047 506 2086 esse
519 2024 552 2084 in
564 2046 595 2100 se
612 2025 820 2105 inimpediblle
831 2033 958 2092 necessi·

37 2118 113 2170 ntea
134 2132 167 2170 so
234 2149 244 2167 .
772 2130 776 2136 ·

176 2255 217 2312 N.
235 2253 283 2313 36.
306 2253 364 2312 DE
385 2251 654 2312 VOLUNTATE
677 2251 807 2314 SIGNI.

222 2382 254 2441 S.
271 2381 370 2441 Thone.
384 2387 481 2461 quest.
510 2390 556 2452 19.
569 2390 626 2441 ort.
640 2390 687 2441 11.
702 2389 727 2441 et
744 2390 790 2444 12.

42 2510 59 2569 l.
78 2510 307 2587 Voleaeossigui.
349 2512 392 2572 ΙΙ.
414 2509 594 2590 Quintuplee.
637 2512 698 2571 ΙΙΙ.
722 2513 884 2594 Aliquando
895 2536 956 2574 cnm

234 2590 374 2650 oolamte
387 2590 553 2670 beneplaciti
565 2591 753 2670 conjungitur.
900 2632 902 2639 ›

68 2688 263 2760 QUAMVIS
286 2690 371 2748 Deus
389 2688 480 2747 unico
500 2702 569 2748 actu
588 2689 662 2749 velit
684 2690 783 2750 omnia
806 2712 871 2770 quae
885 2694 961 2753 vult,

45 2782 155 2852 propter
164 2769 248 2830 veria
256 2779 356 2828 tamen
370 2770 495 2848 objecta,
506 2769 537 2827 in
553 2789 625 2848 quae.
633 2771 771 2831 voluntas
786 2774 844 2832 Dei
856 2775 962 2833 fertur,

41 2855 183 2931 veiosque
197 2849 236 2908 ad
250 2849 302 2907 illa
312 2861 475 2928 respectus,
489 2850 693 2928 multipliciter
707 2852 759 2912 illa
772 2852 867 2912 dividi
878 2855 961 2914 solet.

68 2935 166 2995 Prima
187 2928 296 2988 divisio
309 2940 354 2989 est
376 2931 408 2988 in
421 2929 605 2989 voluntatem
619 2932 707 3009 signi,
735 2943 765 2992 et
780 2933 963 2994 voluntatem

10 3016 17 3027 '
41 3010 225 3094 beneplaciti:
241 3008 279 3068 de
292 3010 348 3069 hac
357 3013 450 3069 Num.
462 3011 606 3088 sequenti.

10 3081 17 3171 f
68 3094 91 3154 l.
119 3091 269 3152 Voluntas
294 3091 371 3168 signi
393 3100 438 3148 est
451 3091 571 3167 signum
584 3090 705 3169 aliquod
720 3092 855 3152 divinum
880 3105 964 3153 extra

10 3173 17 3198 '⁸
44 3172 137 3246 ileum,
151 3192 191 3232 ex
214 3191 276 3248 quo
300 3171 506 3250 cognoscimus
522 3173 621 3231 Deum
635 3173 749 3251 aliquid
763 3174 857 3233 velle:
885 3176 964 3233 unde

10 3255 18 3268 '
43 3255 164 3314 voluntas
176 3250 258 3328 signi
271 3261 316 3310 est
330 3252 467 3310 voluntas
474 3251 635 3330 improprie
649 3253 748 3325 dicta3
763 3255 833 3332 quia
846 3255 965 3332 signum

44 3333 190 3395 voluntatis
203 3330 343 3391 voluntas
355 3331 476 3398 dicitur,
498 3331 585 3390 sicuti
606 3333 655 3391 lex
670 3334 779 3412 scripta
789 3335 899 3392 dicitur
912 3355 964 3393 vo-

10 3405 16 3450 ῗ
45 3409 126 3475 lenm
140 3411 331 3492 legislatoris,
346 3422 376 3471 et
385 3422 594 3470 testamentum
604 3413 743 3473 voluntas
755 3416 911 3475 testatoris.

10 3505 15 3570 ζ
71 3492 245 3573 Quotuplex
260 3501 305 3550 est
318 3493 456 3551 voluntas
470 3492 565 3567 signi?

10 3589 15 3598 '
72 3576 113 3636 ΙΙ.
127 3576 164 3636 R.
178 3571 370 3651 Quintuplex
380 3573 468 3650 juxta
481 3570 563 3631 hunc
573 3574 768 3632 versiculum:

10 3667 13 3733 ζ
76 3651 219 3746 Praecipit,
234 3672 269 3710 ac
275 3651 413 3729 prohibet,
420 3653 566 3730 permittit,
582 3653 712 3726 consedit,
723 3652 832 3737 implet.

10 3736 13 3757 '
79 3732 216 3811 Prae-qni,
231 3731 355 3790 denotat
363 3746 516 3813 precepta
529 3737 728 3813 affirmativa,
741 3736 894 3819 prohibet,
903 3753 1008 3811 nega-
