2160 4072
47 106 209 187 raptintus
220 109 355 189 proximi
377 112 537 175 buum
556 119 681 193 propter
692 118 852 190 peamau

47 207 68 259 s,
95 198 203 271 utpote
225 192 389 264 remissum,
415 192 470 253 sed
492 191 650 253 &mortar
670 191 710 253 'ob
728 200 854 271 peoeeta

47 288 136 331 :eam
147 289 184 329 eo
192 280 292 331 tamen
300 272 443 344 mourut,
454 272 535 352 quid
542 282 700 367 peoeaturo
707 271 855 350 originale

47 348 252 413 stradiealiter
265 350 304 411 sit
324 370 412 414 eausa
425 353 632 424 damnationis,
653 353 689 413 in
708 349 856 432 quantum

48 436 136 509 opter
148 429 226 493 illud
235 451 297 492 non
310 432 377 493 vult
389 433 651 495 eonium-donum
662 450 854 526 perseveran-

47 509 88 580 ti,
98 528 160 569 non
173 513 309 573 obstante
322 515 493 575 remissione
502 515 617 594 peceati
632 512 794 592 onginab’s,
808 532 855 573 re·

48 590 185 653 fomitem
207 594 321 672 pereni
342 613 394 655 seu
421 594 700 676 concupiscentiam,
715 592 856 674 ‘aliasque

53 751 97 813 11.
112 753 219 832 Apest
232 753 272 813 ad
285 755 371 815 Rom.
385 773 449 835 eop.
462 765 491 827 9.
504 755 599 816 refert
612 766 732 817 eruum
750 774 867 834 reprom

52 832 87 891 in
96 833 198 894 solem¹
206 835 266 895 Dei
273 835 466 908 voluntatem,
480 847 511 896 et
523 834 605 898 idem
615 836 686 897 iacit
700 836 731 897 S.
747 835 854 895 Thom.

47 922 80 975 ri.
90 921 119 975 5.
132 913 171 973 ad
182 922 210 975 3.
224 935 305 995 ergo.
319 927 376 977 ete

47 994 190 1073 probatio
203 994 363 1075 dupliciter
371 997 498 1077 spectari
506 1006 614 1076 potest,
629 996 721 1058 semel
734 1002 755 1030 “
768 996 854 1056 abso·

47 1073 166 1137 sonos
177 1075 271 1154 aliqui
283 1077 303 1137 i
315 1077 411 1157 gloria
424 1076 634 1150 exeluduntur,
648 1087 679 1138 et
691 1075 771 1137 illius
784 1096 856 1138 esu·

47 1155 129 1215 ivam
142 1155 270 1219 dicimus
292 1177 356 1218 esse
368 1169 525 1238 peecatum
543 1157 702 1238 originale:
720 1167 752 1218 et
764 1156 856 1217 semel

47 1236 175 1308 estivi?
188 1237 335 1316 quatenus
358 1259 436 1298 uuus
461 1254 524 1318 prae
540 1238 606 1299 elio·
622 1236 800 1308 excluditur,
825 1247 857 1297 et

47 1317 255 1376 rtioalisreddi
265 1338 326 1378 non
379 1319 549 1398 testqubm
559 1319 621 1379 sola
635 1318 695 1379 Dei
707 1318 854 1378 voluntas:

47 1416 90 1455 em
104 1400 212 1477 Apost.
225 1410 257 1458 et
271 1401 301 1461 S.
317 1399 343 1458 T
367 1418 424 1460 om.
440 1399 479 1460 de
491 1398 700 1478 reprobatione
726 1397 854 1478 posteri·

58 1487 160 1537 autem
172 1479 265 1557 priori
283 1479 374 1539 modo
386 1490 516 1560 sumpta,
543 1479 704 1558 utrobique
718 1498 756 1540 ex
769 1488 855 1539 textu

47 1577 75 1617 u.

47 1658 89 1699 rm
103 1649 174 1699 sunt
186 1638 308 1702 effectus
318 1640 556 1720 reprobationis?

47 1719 77 1778 R.
93 1720 320 1800 Reprobstiouis
341 1722 488 1800 negativas
511 1719 634 1781 effeetus
651 1719 771 1800 proprii
786 1731 857 1781 sunt

47 1798 72 1857 io
83 1800 199 1878 peceati
209 1820 270 1861 non
282 1801 463 1872 remittam,
478 1801 556 1862 sieut
564 1810 595 1861 et
607 1800 763 1878 permissio
775 1820 856 1860 mor-

47 1899 158 1959 mpore‚
170 1901 233 1960 quo
245 1882 313 1961 quis
325 1891 372 1943 est
383 1881 416 1939 in
428 1892 566 1962 peecata:
593 1879 654 1940 hue
667 1890 781 1960 apertat
803 1880 856 1940 de·

55 1978 169 2039 exque
180 1960 347 2035 obduratio,
361 1963 532 2033 excaecatio,
555 1979 590 2021 ac
609 1959 865 2040 finalieimpoeni··

47 2060 102 2100 uon
114 2052 215 2103 tamen
224 2043 323 2122 ipsum
332 2053 487 2121 peecatum
501 2053 546 2102 est
556 2039 678 2101 effeetus
690 2040 856 2121 reprobati-

49 2119 237 2200 bbsphemu
263 2123 415 2194 Calvinus,
442 2122 509 2184 cim
521 2122 540 2185 b
551 2124 618 2183 Deo
631 2140 696 2182 esee
714 2132 854 2203 nequeat.

47 2200 239 2280 tprobationis
247 2204 383 2284 positivae
390 2202 512 2264 effeetus
521 2202 642 2283 proprii
652 2213 698 2262 est
706 2201 858 2263 damnatio

61 2301 114 2342 seu
139 2303 237 2364 poenae
263 2295 381 2347 me
398 2283 535 2355 inflictio,
562 2283 600 2343 ad
625 2302 713 2363 quam
727 2282 858 2361 pertinet
963 2359 966 2363 Ι

54 2364 159 2423 mortis
172 2365 352 2444 temporalis,
366 2385 457 2444 quam
467 2374 607 2442 sequatur
617 2375 736 2424 aeterna.
900 2429 903 2441 Ι

47 2452 111 2503 ectu
137 2445 324 2524 Angelorum
344 2446 514 2525 reprobatio
532 2444 671 2522 negativa
684 2453 715 2503 et
727 2441 858 2521 positiva

47 2523 231 2602 unguuntur,
245 2546 297 2585 seu
311 2526 413 2604 potios
425 2525 564 2603 negativa
573 2523 674 2584 locum
686 2542 747 2582 non
756 2522 856 2591 babet,

47 2615 183 2685 respectu
195 2605 323 2667 bominis
336 2606 489 2667 habuisset
510 2604 543 2665 in
565 2605 663 2683 primo
676 2613 776 2677 stetu
803 2602 856 2663 sed

48 2684 178 2762 positiva
187 2705 227 2745 ex
240 2685 374 2766 praevisis
384 2685 536 2747 demeritis
543 2683 756 2764 personalibus.

47 2764 103 2824 iter
116 2766 148 2824 in
163 2767 316 2838 sententie,
325 2787 396 2845 quae
409 2767 506 2838 docet,
516 2764 805 2844 predestinationem
818 2761 857 2821 ad

58 2865 123 2906 esse
134 2865 172 2906 rx
181 2847 314 2926 praevisis
336 2848 458 2918 meritis,
481 2846 651 2926 reprobatio
662 2844 803 2926 negativa
814 2843 859 2904 lo·

47 2927 178 2987 ohsbet

164 3049 201 3106 N.
218 3056 265 3109 54.
281 3049 339 3109 DE
353 3046 482 3108 LIBRO
494 3043 626 3108 VIM.

232 3167 264 3227 S·
282 3132 378 3267 notri
389 3175 489 3248 quoti.
501 3173 552 3228 24.

47 3287 142 3348 rvitoe
153 3289 311 3368 justorum.
348 3287 389 3349 11.
407 3285 495 3346 Liber
506 3286 571 3349 uite
579 3283 858 3365 praedestinatores.

47 3362 218 3505 §eglvqerrtise
241 3367 461 3446 predestinatus
480 3365 572 3447 possit
597 3361 791 3425 muariaut
812 3380 857 3423 re·

50 3566 135 3627 BER
155 3565 224 3626 vitae
248 3566 279 3624 in
303 3567 370 3627 Deo
391 3563 551 3648 dupliciter
563 3559 662 3643 arcipi
670 3569 792 3644 potestz
816 3558 865 3620 qu·

47 3667 71 3705 u
71 3647 233 3760 justorum,
244 3646 276 3705 io
290 3667 352 3726 quo
353 3658 440 3792 ἔαξε
452 3667 563 3712 omnes
581 3641 800 3711 aimerius
810 3659 885 3721 grt-
