2160 4072
357 120 403 165 nn
425 120 598 166 succuris.
888 78 953 167 ’823
1060 107 1064 113 “

56 264 361 347 mnounturun
374 277 454 327 cero
471 266 542 327 mn
556 259 731 326 uenturus
754 248 952 341 uvouso'e's

56 349 107 408 ndo
118 347 283 408 voluntatis
294 348 483 426 proveniens.
524 347 599 408 Dari
618 356 717 425 potest
737 346 768 404 in
803 348 952 427 novinge-

56 447 84 566 ξε
104 428 229 508 peccati,
254 439 284 487 et
307 438 351 486 est
371 428 593 489 circumstantia
611 446 733 507 augens.-
779 366 908 501 donsule
922 430 951 491 S.

59 517 368 670 rdtii'ss'ciaiirui,
392 566 562 668 nequibas
585 586 693 648 uetur
706 587 767 649 Joo
781 607 844 669 cap.
860 597 908 659 ss.
922 609 952 650 v.

56 670 64 728 ³.
85 670 177 746 “Qui
191 670 276 749 quasi
289 668 327 731 de
351 670 499 730 industria
521 678 707 729 recesserunt
726 669 763 728 ab
777 671 837 727 eo”
852 668 951 750 (Deo)

55 760 190 810 etornnes
199 749 262 810 vias
275 750 339 828 ejus
349 751 516 828 intelligere
529 749 690 808 noluerunt
698 746 726 820 ;’'
748 750 834 808 Prov.
850 769 913 829 cap·
922 758 953 813 2.

61 840 104 891 lt.
140 832 232 905 “Qui
257 831 406 901 laetantur,
420 829 488 890 edm
501 829 714 903 malefecerint,
728 839 759 897 et
772 831 907 890 exultant
919 831 952 889 in

54 913 135 975 rebus
148 911 313 991 pessimis,’'
328 922 361 973 et
370 911 446 971 Psal.
457 917 509 975 ,51.
526 931 555 975 r.
573 919 597 970 l.
640 919 660 944 ‘⁸
675 907 760 984 Quid
772 910 907 989 gloriaris
920 911 952 970 in

55 992 165 1063 nolitia,
181 990 351 1133 quirpotens
366 1012 397 1053 es
412 992 443 1050 in
457 989 613 1069 iniquitate
623 992 656 1053 i”
878 1055 881 1060 ,

55 1072 150 1133 Docet
165 1073 194 1132 S.
268 1093 325 1131 om.
340 1082 443 1150 quaest
466 1079 515 1139 78.
536 1082 590 1132 art.
612 1078 640 1131 2.
664 1068 745 1149 quod
767 1089 893 1149 peccans
915 1090 952 1133 ex

55 1152 115 1214 bitu
128 1153 177 1212 vel
191 1152 408 1213 consuetudine
420 1151 588 1213 voluntaria
606 1161 711 1231 peccet
728 1168 766 1208 ex
786 1162 867 1210 certa
888 1173 950 1212 ma·

56 1255 83 1295 a.
125 1234 205 1293 Vide
221 1235 311 1291 Num.
327 1241 374 1294 38.

54 1313 194 1389 Similiter
203 1324 335 1392 peccata
355 1335 392 1375 ex
405 1310 573 1393 ignorantia
585 1311 729 1380 affectata,
749 1308 820 1369 item
835 1333 873 1391 ear
885 1331 954 1390 pas·

54 1413 94 1454 ne
101 1395 213 1454 directe
220 1392 387 1454 voluntaria
402 1404 431 1453 et
441 1394 563 1463 intenta,
576 1403 646 1452 sunt
654 1401 776 1470 peccata
787 1411 822 1449 ex
831 1390 955 1453 malitias

71 1564 138 1624 127.
160 1554 219 1615 DE
235 1551 438 1614 PECCATIS
454 1554 501 1613 IN
517 1550 724 1612 SPIRITUM
737 1551 953 1625 sanctuni,

136 1637 183 1695 IN
206 1635 368 1698 COELUM
392 1633 712 1705 CLAMANTIBUS,
734 1629 825 1703 ETC.

281 1794 312 1856 S.
332 1794 686 1875 Transaquincum.

57 1955 180 2013 Peccatu
208 1953 238 2013 iu
259 1952 398 2033 Spiritum
419 1952 451 2010 S.
494 1953 537 2017 11.
561 1952 704 2015 Suntrer.
749 1953 809 2012 111.
830 1950 954 2011 Peccata

53 2034 80 2092 in
91 2031 188 2092 coelum
202 2031 360 2093 clamantia.
403 2031 457 2091 IV.
479 2032 647 2094 Escoecatio.
688 2033 726 2094 V.
750 2029 913 2091 Obduratio.

52 2194 251 2267 QUAENAM
265 2195 409 2253 dicuntur
418 2204 540 2271 peccata
553 2192 586 2251 in
600 2194 746 2272 Spiritum
759 2191 812 2255 S.?

52 2275 75 2332 1.
94 2275 129 2332 R.
147 2275 212 2346 Illa,
226 2277 336 2354 quibus
349 2294 403 2352 per
412 2285 615 2353 contemptum
626 2274 808 2357 adjiciuntur
818 2271 916 2332 media
923 2284 953 2333 et

52 2354 164 2423 ueficia‚
176 2376 231 2432 per
245 2376 311 2434 qua
321 2355 411 2413 homo
423 2355 472 2414 ille
486 2355 504 2414 d
517 2355 647 2434 peccatis
656 2357 801 2435 potuisset
812 2353 951 2431 abstrahi.

52 2434 93 2492 11.
106 2434 166 2494 Sex
180 2435 351 2516 hujusmodi
364 2446 485 2512 peccata
507 2447 719 2496 numerantur:
748 2433 860 2495 scilicet
872 2452 950 2511 prae-

52 2515 151 2593 ruptio,
167 2515 341 2595 desperatio,
352 2516 459 2594 agnitae
470 2515 601 2574 veritatis
609 2517 805 2594 impugnatio,
815 2513 951 2572 fraternae

52 2594 162 2655 aritatis
176 2595 347 2666 invidentia,
368 2597 526 2655 obstinatio
539 2615 573 2654 ac
586 2596 813 2674 impoenitentia,
832 2604 952 2672 sumpta

51 2678 233 2755 >proposito
245 2696 305 2736 non
318 2676 493 2755 poenitendi.
534 2675 610 2735 Haec
623 2696 679 2755 pro
692 2697 774 2735 more
789 2692 844 2734 suo
856 2674 950 2734 nitide

51 2756 135 2834 ponit
149 2758 178 2817 S.
194 2758 220 2816 T
221 2757 251 2817 h.
265 2768 318 2816 art.
332 2768 359 2817 2.

51 2838 148 2908 Patet,
163 2837 241 2916 quod
255 2832 409 2915 peccatum
424 2857 460 2896 ex
480 2837 592 2897 malitia
615 2837 654 2897 sit
673 2838 768 2917 magis
792 2856 949 2897 commune
975 2848 977 2861 '

53 2929 149 2996 pectu
169 2920 283 2995 peccati
309 2920 341 2976 in
356 2915 499 2993 Spiritum
515 2919 665 2989 Sanctum,
688 2937 739 2976 seu
759 2916 840 2995 qudd
862 2937 950 2978 omne

51 3009 164 3057 reatum
179 2998 211 3056 in
226 2999 370 3076 Spiritum
386 2994 525 3058 Sanctum
541 2999 579 3056 sit
588 3019 625 3058 ex
636 2997 757 3068 malitia,
768 3017 827 3056 non
837 3008 948 3056 contra.

51 3079 196 3153 Quaenam
210 3079 351 3138 dicuntur
364 3089 486 3158 peccata
498 3078 530 3136 in
542 3079 660 3139 Coelum
669 3078 846 3138 clamantia?

50 3157 112 3217 1111
131 3158 164 3217 Β.
182 3159 254 3228 lllae,
270 3179 336 3237 quae
346 3169 407 3218 tam
421 3160 647 3218 abominandam
660 3158 773 3220 habent
793 3154 947 3229 malitiam,

62 3238 138 3313 inde
163 3239 196 3296 in
224 3241 377 3318 Scriptura
401 3241 490 3298 Sacra
513 3240 675 3299 vindictam
700 3240 827 3299 clamare
848 3236 948 3314 perhi-

50 3330 146 3390 rntur,
160 3330 191 3378 et
203 3321 359 3385 horrendis
380 3341 458 3398 saepe
478 3321 574 3378 modis
597 3321 629 3391 in
651 3321 707 3379 hac
727 3319 789 3378 vita
803 3312 947 3377 divinitus

50 3399 194 3481 nitentur:
217 3401 295 3460 unde
322 3421 375 3478 per
398 3401 636 3478 prosopopoeiam
650 3400 777 3461 clamare
797 3397 947 3467 dicuntur,

50 3482 153 3539 atentia
166 3491 226 3540 tam
240 3481 344 3558 gravia
356 3492 386 3540 et
399 3481 530 3539 enormia
543 3492 622 3552 sunt,
637 3491 672 3540 ut
693 3479 818 3538 celerem
842 3480 858 3536 ὲ
883 3478 950 3538 Deo

50 3561 169 3620 rdictam
184 3572 353 3640 exposcant.

49 3642 187 3715 Quatuor
198 3641 371 3721 hujusmodi
388 3652 510 3720 peccata
523 3651 722 3713 recensentur,
735 3659 844 3720 nempe
853 3637 950 3696 homi-

49 3720 120 3787 tium
135 3722 344 3791 voluntarium,
362 3723 436 3782 Gen.
457 3743 523 3804 cap.
538 3731 567 3784 4.
581 3744 613 3786 v.
628 3732 677 3786 10.
690 3733 853 3805 peccatum
872 3717 963 3778 sodo-

49 3798 142 3869 icrim,
171 3800 264 3891 qens
277 3804 342 3893 cap.
377 3810 424 3865 18.
455 3825 486 3866 v.
507 3814 573 3875 20.
599 3802 765 3891 oppressio
791 3804 1000 3884 pannem).
