2160 4072
268 84 427 174 surm
467 107 530 169 ut·
548 109 768 170 cromano
787 97 1076 190 ordonense

272 193 369 252 &omn
381 189 489 268 objecti.

273 349 494 415 UNDENAM
504 349 741 410 actushumanus
750 349 879 410 desumit
887 351 1019 430 speciem
1025 368 1059 408 su
1068 388 1080 395 ,.

233 428 303 495 rotis
316 431 365 491 cot·
376 426 518 490 malitie?

276 515 300 572 Ι.
324 515 359 572 lt.
381 512 431 570 Ab
451 510 556 570 iisdem
576 510 594 570 a
619 509 728 587 quibus
750 508 925 588 simpliciter
944 508 1076 570 desumit

192 586 196 590 ’
233 595 394 655 bonitatem
404 584 451 648 rei
461 591 615 660 malitiam,
631 584 743 648 scilicet
754 591 794 648 ab
802 591 930 668 objecto,
942 583 1078 651 fineetci

172 740 177 753 ‚
234 673 349 745 utendis
358 671 509 731 moraliter
520 669 722 738 consideratis,
736 681 827 748 prout
838 673 928 729 Nom.
939 671 989 732 62.
1009 679 1078 730 este

233 765 297 816 mm
309 775 319 824 ;
340 751 380 809 ita
393 753 567 831 etprimsm
581 762 611 809 et
624 750 807 808 essentialem
822 751 950 828 speciem
965 752 1066 811 bonite

234 833 354 914 maiitiae
368 830 504 890 desumat
517 834 554 890 ab
569 831 695 908 objecto,
711 831 872 890 secundam
886 833 1000 892 verd'et
1013 831 1080 890 acci

235 916 294 974 lom
308 915 324 971 a
338 912 397 970 tine
410 921 442 970 ct
455 911 690 971 circumstantiis.

275 992 346 1072 Obj.
362 993 391 1050 8.
407 993 513 1050 Thom.
531 1003 556 1052 1.
572 1000 599 1051 2.
614 1003 718 1069 quast.
737 997 783 1051 18.
799 1002 852 1051 art.
868 991 895 1052 6.
911 992 1009 1062 docet,
1031 1010 1080 1070 qu

235 1086 286 1134 tut
302 1072 425 1132 interior
443 1073 605 1132 voluntatis
622 1074 729 1131 habeat
748 1072 876 1148 speciem
890 1072 909 1131 ri
923 1072 992 1143 fine,
1012 1085 1079 1131 actu

236 1154 364 1213 exterior
377 1154 414 1211 ab
429 1148 566 1231 objector
586 1168 659 1229 ergo
674 1153 761 1230 juxta
780 1153 811 1212 8.
828 1153 935 1211 Thom.
950 1164 1036 1212 actus
1074 1180 1080 1204 ι

235 1248 296 1293 non
308 1233 438 1292 desumit
450 1233 578 1311 primam
591 1233 721 1311 speciem
735 1236 774 1292 ab
786 1233 914 1310 objecto.

277 1313 313 1373 rt
329 1309 415 1390 Nego
429 1329 547 1391 conseq.
561 1326 630 1370 num
645 1314 673 1372 8.
691 1308 797 1372 Thon.
815 1313 1021 1385 conmmanit,
1043 1328 1076 1391 q,

237 1395 329 1454 ustor
348 1406 431 1452 actos
452 1392 657 1451 denominetur
677 1394 774 1472 potius
787 1392 887 1463 dfine,
909 1397 998 1471 quim
1012 1396 1051 1452 ab
1070 1422 1076 1445 ·

237 1471 318 1534 ottus
327 1473 461 1566 externi3
485 1474 526 1531 ita
540 1485 573 1530 ut
583 1472 635 1550 qui
647 1494 674 1533 v.
684 1488 712 1550 g.
724 1475 842 1533 furatur
855 1485 890 1533 ut
909 1474 1078 1533 adulteretu

237 1714 345 1774 nmium
357 1730 366 1772 t
380 1713 433 1772 sed
441 1724 673 1773 actueesternus
688 1716 718 1772 in
727 1732 796 1775 casu
807 1724 930 1774 vocatur
940 1714 1037 1792 potius
1049 1715 1066 1772 f
1079 1751 1080 1762 1

238 1790 311 1874 quia
320 1795 481 1872 objectam,
495 1793 528 1851 in
541 1793 622 1871 quod
635 1806 718 1854 aetus
732 1809 871 1854 externus
884 1797 917 1854 iu
930 1812 1001 1854 casu
1009 1812 1066 1873 pro
1075 1822 1080 1836 ν

237 1888 292 1954 pes
304 1890 337 1934 es
349 1873 456 1944 tendit,
472 1885 517 1933 est
529 1888 577 1932 res
589 1872 685 1933 aliena
698 1887 733 1934 ut
745 1876 914 1935 auferenda.

277 1957 373 2015 Actus
386 1966 485 2013 tamen
494 1966 554 2013 tam
566 1955 688 2012 interior
704 1958 791 2032 quim
805 1957 933 2013 exterior
946 1955 1060 2015 habent
1079 1990 1080 2005 2

239 2048 298 2113 quc
311 2047 341 2093 et
354 2035 489 2093 eamdem
504 2032 644 2092 malitiam
660 2037 733 2095 furti
746 2046 777 2094 et
790 2036 938 2106 adulterii,
952 2039 1025 2113 quia
1039 2055 1073 2094 ac

197 2148 202 2153 -
239 2116 374 2174 internus
387 2124 418 2171 et
431 2126 571 2173 externus
589 2116 774 2175 constituunt
797 2117 917 2175 unicum
932 2127 958 2175 et
976 2116 1080 2175 eumd

239 2205 304 2254 tam
322 2194 472 2253 moralem.

282 2278 326 2335 Η.
348 2277 395 2333 Ex
409 2275 497 2334 <lictis
511 2275 628 2353 collige,
650 2277 731 2355 quod
752 2296 830 2335 unus
843 2289 874 2336 et
893 2276 972 2335 idem
994 2286 1077 2336 actus

241 2357 328 2415 simul
342 2356 451 2414 habere
469 2357 571 2434 plures
592 2359 738 2416 bonitates
752 2371 803 2416 ant
816 2359 917 2436 plures
938 2358 1066 2415 malitias

241 2434 412 2495 distinctas:
433 2437 476 2496 ita
495 2436 577 2495 datio
596 2436 788 2517 eleemosynae
809 2438 846 2495 ad
867 2437 1075 2496 satisfaciendo

241 2517 370 2592 peccatis
390 2517 480 2577 habet
499 2516 661 2576 bonitatem
679 2521 716 2576 ab
737 2517 854 2595 objecto
875 2528 904 2576 et
918 2519 986 2587 fine,
1006 2518 1070 2576 furt

242 2614 330 2655 moras
343 2596 435 2654 habet
447 2597 588 2656 maiitiam
603 2596 756 2674 injustitiae
770 2609 799 2656 et
815 2598 970 2673 sacrilegii.

284 2676 343 2733 111.
366 2678 548 2744 Notandum,
567 2678 658 2754 quod,
681 2678 753 2736 dum
778 2678 1000 2756 supradictum
1022 2688 1068 2735 est

241 2758 404 2815 humanum
413 2756 568 2815 desumere
582 2757 665 2815 ifine
673 2770 702 2816 et
712 2759 939 2817 circumstantiis
950 2757 1080 2816 secund

243 2837 315 2878 niam
326 2836 521 2878 honitaticunt
532 2837 651 2878 muliti'm
669 2839 955 2878 hnnineoliinnminm
969 2838 992 2878 cri
1040 2858 1057 2878 n
