2160 4072
416 120 462 167 uu
485 122 657 168 raccarra.
937 98 1003 174 869

98 267 126 327 l.
142 268 179 325 R.
195 264 287 338 lllud,
305 264 396 346 'quod
419 262 541 345 quidem
566 288 604 328 ex
616 286 727 346 genere
740 260 795 327 ruo
808 278 854 330 eat
868 269 1002 342 mortale,

53 347 112 407 iod
124 347 157 404 in
171 346 230 405 hoc
242 357 312 406 actu
325 347 374 406 hic
388 356 417 406 et
429 368 510 407 nunc
523 358 568 407 est
580 351 698 407 tanturn
713 349 828 409 veniale
841 350 881 408 ob
903 349 1003 410 defec-

53 446 122 485 ,ιιιιι
135 425 306 485 sufficieutia
314 425 472 486 voluntarii
482 428 589 500 liberi;
604 428 776 508 hujusmodi
789 428 926 489 venialia·
934 440 1004 488 aunt

53 518 157 567 notus
170 506 404 585 aemnddprimi
416 507 554 579 luxuria,
575 508 646 578 odii,
660 519 715 568 etc
731 509 802 569 item
816 509 960 568 detractio
972 510 1005 568 in

53 587 187 647 rectione
199 587 351 647 Horarum
365 589 581 648 canonicarum
594 609 632 647 ex
646 589 704 647 levi
718 589 909 668 negligentia,
936 590 1003 648 vio-

53 662 131 727 latio
140 666 250 746 jejunii
264 687 301 726 ex
313 667 480 745 ignorantia
493 668 541 727 vel
554 669 772 728 inadvertentia
785 670 885 728 stricte
909 669 1004 728 vinci-

53 746 122 817 ¹utili,
150 747 345 824 cogitationee
359 747 397 807 de
420 749 538 828 objecto
559 750 723 808 mortaliter
745 750 825 808 malo
838 749 902 808 aine
914 749 1005 826 pleno

53 842 215 897 mma,
229 837 285 887 etc.
303 828 374 887 talia
383 829 470 887 etiam
486 841 555 888 sunt
567 840 665 889 motue
678 830 750 902 odii,
777 829 899 890 affectus
909 828 1004 888 homi·

53 905 141 979 aridii,
154 916 211 967 etc.
222 907 254 965 in
268 908 564 969 semidormieutibua.

53 1022 65 1033 -
96 986 288 1066 Suppouitur
301 1008 418 1067 semper
431 989 534 1048 adesce
557 989 658 1067 aliqua
670 990 844 1065 imperfecta
857 989 1004 1049 delibera·
1036 986 1044 993 ’

53 1064 111 1138 tio,
125 1066 262 1145 adeoque
271 1067 398 1147 aliquale
408 1069 627 1129 voluntarium:
648 1070 717 1147 quia
730 1070 754 1128 ai
768 1089 855 1129 omne
868 1070 1005 1130 volunta·

53 1146 139 1207 rium
151 1149 276 1218 abeanet,
289 1150 450 1227 nequidem
469 1161 642 1228 peccaretur
656 1149 819 1210 venialiter.

57 1252 71 1283 ¹:
98 1227 151 1286 An
160 1227 195 1286 in
206 1229 287 1286 omni
300 1230 432 1301 materia,
457 1231 519 1289 aive
532 1231 565 1287 in
588 1230 668 1288 omni
681 1249 791 1304 genere
802 1231 927 1308 peccati,
951 1246 1005 1308 po·

56 1316 119 1369 tent
131 1307 197 1367 dari
210 1308 326 1368 veniale
339 1329 375 1368 ex
389 1311 563 1388 imperfecta
582 1310 794 1368 deliberatione
806 1309 910 1370 actis?

59 1424 69 1435 -
99 1386 144 1446 ΙΙ.
160 1389 196 1447 R.
212 1389 249 1447 In
261 1388 319 1448 hoc
332 1400 411 1449 statu
424 1401 538 1450 naturae
550 1389 641 1468 lapsae
654 1390 774 1449 videtur
788 1390 1006 1450 affirmandumr

58 1464 153 1546 aliqui
167 1477 267 1527 tamen
280 1469 434 1548 excipiunt
449 1471 552 1529 odium
565 1470 625 1529 Dei
636 1493 646 1541 ;
662 1470 725 1537 sed,
738 1470 807 1529 licet
820 1489 856 1528 ex
867 1471 1007 1546 ignoran-

59 1546 112 1619 tia,
122 1567 191 1627 quae
203 1548 237 1607 in
244 1568 280 1607 eo
290 1569 405 1628 semper
417 1551 518 1609 futura
527 1561 572 1609 est
585 1569 690 1621 crassa,
702 1550 835 1609 excusari
842 1570 904 1608 uon
913 1550 1007 1628 poerit

60 1624 226 1703 dmurnli,
236 1629 375 1708 equidem
391 1631 423 1688 id
436 1631 500 1690 fieri
511 1641 609 1708 potest
622 1650 659 1689 ex
673 1630 738 1690 aliia
753 1631 858 1702 mucia,
881 1650 909 1690 v.
925 1650 955 1713 g.
969 1649 1007 1688 ex

60 1707 201 1803 paccione
208 1709 379 1769 vehementi
392 1711 564 1790 imperfecte
580 1710 751 1780 deliberata,
766 1730 803 1770 ex
816 1711 1006 1779 inadverten·

100 1869 150 1929 Ex
171 1870 282 1949 quibua
295 1871 390 1930 causis
414 1871 560 1950 contingit
571 1871 694 1950 aliquod
715 1881 870 1950 peccatum
883 1870 1008 1932 mortale

63 1944 125 2007 teri
134 1950 250 2010 veniale
263 1951 301 2010 ob
312 1951 565 2028 imperfectionem
578 1951 681 2010 acuis?

103 2028 165 2088 111.
187 2031 222 2090 R.
245 2032 293 2089 Ex
313 2030 381 2100 illis,
410 2051 477 2109 quae
497 2030 697 2089 voluntarium
721 2030 849 2088 liberum
871 2028 1007 2090 minuere

63 2116 196 2187 puerunt,
210 2119 245 2169 ut
257 2110 484 2180 inadverteutia,
507 2110 684 2188 ignorantia,
697 2111 805 2188 passio,
819 2119 927 2180 metue,
955 2119 1007 2168 aut

64 2188 161 2266 quivis
174 2189 249 2250 aliua
261 2190 395 2250 defectus
419 2193 586 2250 consensus.
629 2190 752 2268 Regula
774 2191 890 2250 traditu
911 2190 1003 2249 Num.

69 2268 133 2331 116.
153 2270 188 2329 in
201 2269 294 2330 dubio
307 2274 475 2343 consensis,
489 2271 540 2330 hic
552 2268 694 2349 applicari
713 2281 846 2351 possunt.

68 2428 103 2490 N.
120 2428 188 2492 160.
208 2426 268 2491 DE
284 2432 486 2571 PECCAffi
490 2431 675 2571 &5112ss
687 2433 743 2491 EX
758 2428 1004 2490 PARVITATE

70 2628 89 2731 l.
102 2670 221 2731 Veniale
233 2689 268 2757 ec
284 2672 429 2750 parvitate
448 2669 580 2730 materie.
621 2671 665 2732 11.
681 2669 751 2735 Quoe
774 2628 891 2727 materia
905 2665 1008 2726 dicitrn

480 2768 585 2828 parva.
889 2782 893 2789 ·
940 2780 945 2789 ·

101 2908 328 2982 QUODNAM
358 2921 514 2989 peccatum
535 2910 645 2971 dicitur
666 2907 781 2967 veniale
800 2927 837 2966 ax
862 2905 1008 2985 parvitate

64 2990 218 3049 materiae?

103 3069 129 3128 1.
146 3071 184 3130 R.
199 3068 290 3140 Illud,
305 3071 387 3148 quod
400 3089 556 3147 exgenere
580 3091 634 3129 auo
647 3079 693 3128 est
702 3079 855 3146 peccatum
873 3063 1007 3135 mortale,

62 3148 115 3209 aed
126 3149 160 3208 in
172 3147 230 3208 hoc
239 3160 307 3209 actu
320 3150 409 3210 hicet
421 3169 503 3209 nunc
515 3161 560 3210 eet
573 3150 688 3210 veniale
699 3158 822 3226 propter
831 3146 1009 3223 parvitatem

61 3250 116 3289 eeu
129 3228 283 3288 levitatem
296 3230 529 3301 materiae,·circa
552 3250 642 3308 quarn
665 3239 822 3288 vereatur:
842 3225 883 3284 ita
896 3225 1009 3282 furtum

60 3310 154 3369 unius
162 3310 234 3368 aesia
242 3321 287 3368 eet
301 3310 415 3370 veniale
424 3331 460 3370 ex
469 3311 616 3388 parvitate
624 3311 763 3378 materiae,
772 3308 842 3366 item
854 3301 1009 3373 detractio,

59 3389 214 3450 mando
226 3390 376 3450 defectum
390 3391 495 3450 leviter
505 3392 677 3469 proborum,
688 3406 827 3448 excessua
839 3385 967 3462 exiguae
976 3383 1009 3441 in

59 3480 148 3550 potu,
158 3468 311 3530 distractio
321 3471 487 3530 voluntaria
494 3470 526 3528 in
535 3490 629 3549 parva
635 3480 720 3548 parte
726 3467 824 3527 Officii
834 3465 947 3532 Divini,
954 3473 1010 3522 etc.

102 3551 157 3608 An
167 3549 696 3610 verbumutioeumnonestvenialeex
703 3546 850 3626 parvitate
858 3542 1008 3603 materiae?

103 3630 141 3688 lt
150 3627 229 3707 Neg.
240 3631 375 3709 quamvis
385 3632 464 3691 enim
474 3630 597 3690 materia
606 3629 670 3709 ejus
681 3629 720 3688 eit
729 3646 831 3705 parva,
839 3635 939 3684 tamen
948 3642 1009 3682 non

61 3718 189 3767 vocatur
204 3711 317 3769 veniale
327 3710 662 3790 exparvitatematerioe,
672 3708 776 3770 aeder
782 3715 1019 3786 genereauumt

54 3787 166 3844 revisio
176 3789 266 3848 trium
277 3810 426 3868 generum
440 3790 823 3875 peccatorumuenialium
845 3787 1044 3848 dracmam-
