2152 4066
113 99 180 169 258
481 116 684 166 roncrnrus

153 260 178 329 l.
195 260 229 329 R.
244 260 340 329 Actus
354 266 404 326 ille
417 279 517 326 manet
530 270 637 340 bonus,
650 268 739 329 modo
748 266 816 328 finis
829 266 884 328 ille
895 267 935 332 sit
950 269 1048 334 suffiei-
1074 236 1076 326 l

112 363 196 412 enter
209 351 262 409 tali
276 349 356 409 actui
368 348 619 427 proportionatae,
631 361 665 408 ut
679 349 849 409 dictumest
864 351 1001 412 Numero
1009 354 1047 414 63.
1074 332 1076 378 !

113 431 313 510 itajejunium
327 430 455 488 relatum
474 431 512 487 ad
527 430 755 489 satisfactionem
774 450 831 509 pro
854 434 1000 509 peccatis,
1014 446 1050 494 est
1074 467 1076 486 .

113 510 236 582 bonum,
249 509 434 587 sicquidem,
449 520 483 568 ut
497 511 610 588 duplici
621 511 751 589 gaudeat
758 512 902 580 bonitate,
912 513 1047 591 primicer
1073 544 1076 566 ε

113 593 239 670 objecto,
255 592 336 670 quod
352 600 465 668 spectat
475 591 512 649 ad
520 592 660 650 virtutem
671 588 867 662 abstinentiae,
883 604 913 650 et
926 595 1048 655 secundi

114 693 149 730 ex
164 673 223 730 fine
234 672 392 749 operantis,
408 672 461 748 qui
475 673 605 750 pertinet
619 671 657 729 ad
671 672 813 730 virtutem
825 673 1021 750 poenitentiae.

153 752 427 811 Hincobserv'a10.
444 751 593 829 quomodo
604 768 681 811 unus
708 761 739 811 et
764 751 846 810 idem
868 762 957 812 actus
967 757 1048 833 possit

113 843 249 910 spectare
261 833 299 891 ad
313 832 415 910 plures
428 844 458 890 et
476 832 633 891 distinctas
653 832 788 904 virtutes,
815 850 851 892 ac
865 852 971 893 aarum
990 836 1047 914 plu-

112 913 191 970 rium
205 908 330 972 induere
341 913 533 971 honestatem.
1068 908 1074 977 l

154 995 183 1051 N
185 1013 220 1052 ec
233 994 323 1064 valet,
336 992 418 1071 quod
429 992 502 1051 dicit
520 992 669 1071 vasquez,
689 993 852 1052 bonitatem
867 994 981 1073 objecti
991 991 1048 1053 des·

112 1074 173 1133 trui
187 1090 241 1152 per
255 1074 320 1152 eJos
339 1074 519 1132 relationem.
526 1073 564 1131 ad
578 1073 667 1131 finem
681 1073 865 1143 ulteriorem,
879 1074 968 1152 quasi
987 1083 1048 1135 tunc

108 1152 258 1234 jejunium
273 1174 300 1212 v.
315 1172 345 1231 g.
360 1154 397 1212 ad
417 1154 656 1212 satisfaciendum
669 1174 726 1232 pro
743 1155 883 1232 peccatis,
899 1174 961 1212 non
975 1175 1048 1214 assu·

111 1244 244 1293 meretur
264 1244 387 1314 propter
406 1252 447 1304 se,
471 1233 525 1294 sed
542 1244 685 1310 tanquam
709 1234 842 1293 medium
855 1235 895 1293 ad
909 1237 1049 1313 poeniten·

111 1314 202 1375 tiamr
216 1316 349 1373 medium
364 1315 537 1394 auremque
551 1315 619 1385 tale,
632 1332 695 1373 non
712 1315 802 1374 habet
821 1316 969 1374 rationem
983 1317 1046 1375 boni

110 1394 237 1466 honesti,
252 1395 305 1454 sed
314 1396 397 1454 utilis
409 1397 533 1454 tantirm.
668 1456 671 1462 ,

153 1476 194 1533 ΙΙ.
211 1479 246 1537 R.
261 1476 340 1534 enim
363 1476 511 1556 jejunium
526 1476 558 1534 in
569 1495 638 1534 casu
648 1488 708 1535 nott
719 1474 811 1535 solum
819 1476 924 1556 appeti
933 1487 1050 1557 propter

110 1555 326 1648 poenitentiam,
337 1558 390 1616 sed
400 1558 489 1616 etiam
497 1564 620 1633 propter
627 1558 780 1635 propriam
790 1557 988 1628 honestatem,
996 1558 1051 1616 imo
1060 1614 1066 1623 ,

110 1636 180 1694 rdeo
188 1637 339 1715 appetitur
351 1648 386 1696 ut
395 1637 527 1696 medium
537 1636 611 1694 utile
622 1637 660 1696 ad
669 1636 886 1714 poenitentiam,
898 1638 971 1715 quia
980 1640 1010 1697 in
1023 1658 1049 1697 aa

111 1717 222 1775 bonum
235 1728 264 1775 et
274 1717 432 1776 honestum
447 1728 491 1776 est
496 1740 505 1789 ;
520 1717 621 1794 itaque
630 1717 761 1789 medinm
774 1716 851 1777 illud
863 1718 957 1777 habet
966 1717 1049 1777 ratio·

111 1810 180 1854 nem
194 1796 262 1856 finis
284 1798 461 1867 intermedii,
477 1798 539 1875 qui,
558 1799 629 1856 licet
649 1796 691 1855 ad
712 1797 884 1857 ulteriorem
898 1799 1048 1868 referatur,

112 1881 181 1935 teri.
195 1889 295 1936 tamen
309 1879 397 1937 etiam
410 1889 533 1956 propter
545 1898 576 1937 se
590 1879 749 1956 appetitur.

154 1957 214 2016 Ill.
240 1958 377 2017 Observa
396 1960 438 2016 2⁰.
452 1959 603 2035 quomodo
620 1959 710 2016 homo
724 1957 812 2015 simul
825 1968 855 2017 et
868 1958 978 2018 eodem
991 1970 1047 2018 ino·
1066 1974 1075 2019 2:

111 2050 212 2097 mento
224 2038 336 2097 habere
348 2041 441 2117 possit
455 2038 628 2097 exercitium
638 2040 773 2117 'plurium
788 2039 946 2110 virtutum,
961 2040 1047 2099 etho·
1062 2074 1065 2079 ·

110 2130 254 2176 nestatem
264 2139 298 2178 ac
309 2120 447 2177 meritum
457 2138 493 2176 ex
502 2118 640 2196 pluribus
650 2118 709 2176 illis
718 2119 880 2178 virtutibus
890 2119 1044 2197 acquirere,

111 2199 182 2255 dum
197 2218 304 2276 nempe
318 2200 406 2256 simul
421 2200 550 2258 intendit
559 2200 690 2276 plurium
705 2200 883 2270 honestates,
899 2212 930 2259 et
944 2218 982 2259 ex
992 2200 1044 2260 illa·
1072 2232 1074 2253 ι

111 2299 173 2336 rum
188 2280 321 2357 plurium
335 2279 454 2337 motivis
468 2280 642 2338 formalibus
656 2292 805 2358 operatur.
1057 2280 1076 2339 l,

153 2360 207 2417 IV.
221 2360 303 2419 Hinc
316 2362 418 2418 Pastor
429 2371 480 2418 aut
491 2360 694 2418 Confessarius
705 2361 842 2419 assistens
850 2360 978 2431 infirmo,
987 2382 1043 2421 enm
1057 2364 1073 2407 '5‘

112 2440 321 2511 consolabitur,
344 2440 560 2508 adhortabitur,
585 2451 619 2498 ut
642 2443 784 2518 quoniam
805 2439 844 2499 ad
857 2441 953 2499 multa
966 2460 1041 2520 open
1068 2446 1070 2453 '

111 2531 233 2579 externa
247 2521 392 2579 virtutum
416 2532 462 2579 est
483 2522 640 2599 impotens,
665 2532 756 2598 atque
779 2522 854 2580 adeo
869 2522 948 2579 bona
962 2521 1042 2600 ipsius
1056 2526 1073 2597 ji

110 2602 247 2660 voluntas
261 2601 343 2678 apud
357 2604 456 2660 Deum
471 2622 525 2679 pro
540 2603 618 2659 facto
631 2597 796 2678 reputetur,
815 2603 906 2680 juxta
918 2601 1000 2660 dicta
1013 2604 1040 2660 N.
1054 2600 1073 2667 ir

111 2681 157 2751 69.
182 2692 225 2752 ut,
247 2682 381 2758 inquam,
395 2683 451 2740 sibi
463 2692 612 2760 proponat
624 2683 804 2759 multiplices
819 2683 891 2740 fines
905 2684 1007 2751 bonos,
1019 2700 1041 2742 et
1056 2706 1069 2751 :i

111 2761 219 2820 excitet
228 2762 359 2840 plurium
374 2763 518 2821 virtutum
532 2763 654 2832 motiva,
669 2782 699 2820 v.
714 2782 743 2838 g.
756 2773 789 2820 ut
796 2763 914 2821 dolores
925 2774 957 2820 et
966 2763 1042 2823 afflic-
1062 2766 1065 2771 ’

111 2842 206 2900 tiones
217 2862 284 2900 suas
297 2842 417 2913 reserat,
428 2843 551 2901 nuncin
564 2843 653 2899 finem
666 2843 829 2902 Charitutis
841 2844 909 2913 Dei,
919 2843 960 2900 ad
968 2843 1042 2901 reds-
1069 2877 1070 2882 κ

108 2922 254 2981 mendum
275 2924 434 2987 'Christum
459 2942 513 3001 pro
533 2923 622 2981 nobis
646 2942 766 3001 passum
777 2944 788 2994 ;
811 2942 895 2981 nunc
916 2923 950 2980 in
964 2923 1040 2982 finem
1062 2952 1076 2974 r=

111 3001 262 3061 charitatis
283 3004 424 3081 proximi,
446 3015 480 3061 ut
495 3005 578 3061 Deus
592 3005 666 3061 velit
679 3003 821 3061 reducere
833 2996 1044 3081 peccatoresad
1059 2979 1076 3027 Ι

108 3083 323 3161 poenitentiam,
337 3104 484 3161 pauperes
498 3095 528 3142 et
546 3083 666 3143 afflictos
680 3083 855 3152 confortare,
871 3094 1000 3143 errantes
1011 3082 1041 3142 ad
1063 3112 1076 3134 =

109 3166 187 3221 viam
204 3164 336 3222 veritatis
351 3184 477 3237 vocare3
498 3184 579 3224 nunc
593 3165 708 3223 dolores
723 3184 791 3222 suos
805 3184 859 3241 per
879 3164 984 3222 horam
997 3165 1041 3222 im·

109 3255 209 3303 motus
233 3246 377 3303 sustineat
390 3266 447 3322 pro
469 3244 609 3303 solamine
629 3244 794 3303 animarum
818 3246 849 3302 in
860 3245 1041 3322 purgatorio:
1072 3273 1076 3276 ·

106 3342 187 3385 nunc
201 3346 237 3384 ex
248 3324 397 3384 desiderio
409 3326 543 3404 martyrii
556 3325 740 3384 afflictionem
755 3336 785 3383 et
807 3335 934 3383 mortem
952 3324 1046 3384 offerat
1074 3381 1076 3398 ,

110 3404 214 3483 (prout
224 3408 320 3465 fecere
331 3410 488 3484 Martyres
501 3427 626 3484 quorum
638 3405 760 3485 quidam
772 3406 920 3481 fortetam
932 3407 1044 3464 acerbos
1074 3405 1076 3410 ’

107 3485 223 3545 dolores
232 3506 293 3544 non
302 3488 592 3565 sustinuerrmt),pro
603 3487 689 3545 Fidei
700 3486 860 3544 Catholicae
870 3485 1044 3556 dilatatione,

108 3566 138 3626 S.
155 3568 260 3625 Matris
274 3569 415 3626 Ecclesiae
435 3567 620 3637 exaltatione,
635 3579 711 3625 etc:
733 3567 791 3625 nisi
811 3567 890 3624 enim
905 3565 961 3625 hos
980 3566 1045 3624 fines

109 3645 254 3718 intendat,
267 3649 394 3724 speciale
407 3648 546 3706 meritum
562 3666 663 3706 eorum
674 3666 735 3704 non
748 3647 895 3724 acquiret.

150 3728 231 3786 Hinc
243 3729 266 3785 si
276 3729 343 3804 quis
350 3729 477 3806 jejunet,
496 3749 555 3785 non
566 3748 603 3787 ex
616 3727 728 3787 motivo
739 3727 935 3798 abstinentias,
950 3726 1002 3785 sed
1015 3745 1047 3784 ex

107 3806 173 3878 alio,
184 3827 242 3887 ng.
256 3819 420 3886 utparcens
430 3809 574 3888 pecuniis,
584 3829 632 3868 eas
644 3808 694 3868 det
702 3807 896 3887 pauperibus3
902 3806 1050 3886 jejunium
