2160 4072
341 118 386 164 on
402 78 544 163 narrans
558 115 727 160 ananum.
937 94 1002 161 245

53 261 129 336 leo,
146 262 232 342 quad
241 272 327 322 aetius
336 282 392 341 per
404 263 485 322 illam
496 259 749 322 circumstantiam
759 259 886 338 accipiat
900 280 999 332 unam,

53 345 230 414 eeundam,
251 343 302 403 vel
321 342 440 402 tertiam
462 343 604 422 speeiem,
629 360 721 420 quam
743 341 858 420 absque
871 340 923 399 illa
941 343 999 401 eir-

53 424 235 485 mmstantin
246 442 309 483 nou
321 422 481 483 habuisset

87 504 279 582 Exemplum
286 503 513 564 circumstantiae
526 501 670 561 mutantis
682 501 813 579 speciem
826 500 953 560 habetur
967 500 999 557 in

53 586 138 645 furto
155 586 210 645 ltei
224 585 329 653 Saoroe,
343 584 397 642 ubi
412 583 632 642 circumstantia
647 580 701 640 Rei
712 583 809 641 Sacrae
822 590 919 640 mutat
933 599 999 658 spe·

53 665 142 736 uem,
167 664 306 724 addendo
317 664 402 723 furto
414 663 557 723 malitiam
572 661 727 740 Sacreligii
740 672 843 721 contra
857 662 1000 720 virtutem

53 744 232 823 Religionis.
272 743 414 804 Similiter
427 754 530 803 votum
542 742 662 802 castitas
674 742 723 801 vel
743 743 875 801 conditio
899 739 1014 800 mani.

53 825 150 884 monii
163 824 280 884 addunt
292 824 483 883 fornicationi
495 823 637 882 malitiam
648 823 746 900 speeie
759 823 940 882 distinctam.

53 936 63 945 ·
94 903 998 981 Quernamdieuuturcircumstantiaenonmutnntesspeciem?

96 983 157 1043 111.
173 985 207 1041 R.
216 987 293 1058 Quae
302 985 381 1043 actui
391 985 506 1044 addunt
516 984 561 1042 vel
573 984 697 1042 demunt
703 982 866 1043 bonitatem
877 993 930 1041 aut
937 1001 1000 1039 ma·

53 1059 152 1122 litiam
168 1064 301 1143 ejusdem
314 1065 436 1124 rationis
457 1085 509 1124 seu
529 1063 639 1142 speciei
653 1081 721 1122 cum
742 1082 785 1134 ea,
797 1077 898 1142 'quam
911 1061 1002 1121 babet

57 1154 141 1203 notus
154 1146 193 1202 ab
205 1145 324 1223 objecto
334 1166 344 1204 i
353 1165 382 1203 v.
396 1165 426 1223 g.
441 1147 472 1204 in
486 1145 566 1203 furto
579 1143 764 1202 uniusaurei
778 1163 846 1203 cum
860 1142 1001 1202 intentio-

53 1223 225 1283 uefurandi
234 1226 320 1295 duos,
333 1226 461 1285 intentio
472 1225 525 1283 illa
533 1222 654 1283 furandi
662 1223 742 1300 plus,
755 1235 801 1283 est
809 1224 1002 1283 circumstan-

56 1303 107 1441 ἓ
113 1323 174 1363 uon
187 1315 306 1364 mutans
320 1306 458 1385 speeiem,
474 1305 527 1365 sed
539 1324 653 1382 augens
662 1304 698 1375 ¹iu
712 1304 815 1362 eadem
829 1303 927 1382 speeie
939 1322 1002 1361 ma-

57 1408 60 1413 ·
97 1383 153 1442 'am
167 1384 251 1444 furti.
394 1440 397 1445 ,
437 1401 445 1415 ·
671 1414 675 1423 ,

67 1464 72 1499 ·'
99 1464 335 1525 Circumstantiae
350 1473 370 1501 “
385 1464 559 1536 durationis,
572 1463 665 1535 modi,
678 1462 855 1522 intensionis
868 1473 898 1522 et
908 1466 1003 1542 quin-

63 1546 87 1575 ⁴¹
97 1544 210 1603 titatis’'
225 1545 321 1604 solent
333 1565 398 1605 esse
407 1566 468 1606 non
479 1555 627 1604 mutantes
641 1545 770 1622 speeiem
782 1565 791 1602 t
805 1554 918 1602 eaeterae
931 1562 1003 1601 vero

61 1622 168 1702 inpius
180 1627 308 1704 speciem
322 1637 448 1696 mutant,
460 1637 496 1686 ut
508 1635 591 1684 notat
600 1624 793 1703 Steyaertius.

56 1842 61 1851 .
85 1782 120 1845 N.
139 1792 188 1850 73.
231 1784 290 1844 DE
312 1785 675 1846 CIRCUMSTANTIIS
695 1772 726 1844 'A
737 1784 993 1846 UGENTIBUS

329 1866 384 1925 ΕΤ
407 1867 722 1934 MINUENTIBUS.

72 2016 336 2088 LCiraamrtantiae
355 2035 489 2105 angerrtea
512 2026 680 2086 notabiliter.
722 2025 765 2084 ΙΙ.
786 2021 930 2101 Angentea
950 2044 1003 2082 non

104 2103 267 2166 notabiliter.
310 2106 371 2167 111.
394 2105 619 2177 Circumatnntioe
642 2104 800 2164 notabiliter
813 2102 1001 2162 diminuentes.

106 2182 154 2240 IV.
177 2184 400 2244 Minaenteannn
415 2184 580 2244 notabiliter.
608 2185 647 2242 V.
664 2179 1002 2244 Circumstantiaeincon-

98 2260 220 2339 sessione
233 2263 426 2341 caprimenda.

107 2421 466 2483 CIRCUMSTANTIAE
480 2434 624 2501 augentes
638 2444 690 2484 seu
713 2436 911 2502 aggravantes
924 2433 1003 2493 sunt,

53 2508 62 2593 ᾗ
76 2518 131 2577 qun
143 2502 259 2560 addunt
271 2503 493 2562 bonitatemvel
503 2504 665 2567 malitiame
679 2505 857 2575 minuentes,
871 2523 936 2583 qum
949 2506 1003 2562 bo·

53 2596 63 2687 'b
77 2579 184 2641 nitatem
198 2582 248 2641 vel
260 2583 402 2642 malitiam
422 2582 603 2643 diminuunt.

53 2702 67 2751 ι,
80 2736 96 2797 li
107 2662 215 2753 ligitur
228 2662 278 2721 hic
287 2664 435 2742 praecipue
449 2664 487 2723 de
497 2665 677 2742 augentibus
686 2673 716 2722 et
728 2665 933 2724 minuentibus
942 2684 1005 2723 ma·

96 2752 166 2801 llam.

109 2821 133 2883 Ι,
153 2822 385 2883 circumstantia
407 2822 549 2883 dicuutur
572 2835 714 2904 augentes
739 2845 791 2884 seu
811 2839 1006 2904 aggravantes

79 2902 243 2973 notabiliter,
255 2924 321 2980 quae
331 2904 446 2962 addunt
455 2904 683 2982 aequivalentem
694 2905 832 2964 malitiam
840 2907 1005 2977 mortalem,

80 2982 146 3056 quod
158 2983 192 3041 fit
203 2983 321 3042 duobus
334 2983 439 3042 modis.
813 3028 816 3033 ,
909 3055 911 3059 .

63 3136 68 3143 Ι
110 3062 144 3120 1⁰.
164 3064 247 3121 Dum
271 3064 490 3123 circumstantia
503 3065 574 3126 facit
587 3067 626 3125 de
640 3065 748 3125 veniali
762 3067 907 3126 mortale:
931 3088 961 3125 v.
976 3087 1007 3143 g.

79 3138 139 3201 siex
154 3142 238 3201 furto
252 3145 340 3202 unius
353 3142 435 3203 aetbs
448 3156 590 3224 sequatur
602 3142 733 3207 notabile
744 3146 900 3218 damnum,
924 3147 1006 3204 dam-

81 3233 139 3279 num
150 3222 228 3281 illud
241 3235 287 3284 est
299 3223 519 3284 circumstantia
531 3226 704 3286 notabiliter
723 3246 896 3306 aggravans.

110 3301 146 3360 2⁰.
167 3302 397 3363 Circumstantia
409 3316 454 3363 est
467 3308 637 3365 notabiliter
650 3326 825 3384 aggravans,
852 3308 915 3366 ebur
930 3307 1009 3364 actui

79 3383 235 3470 ttobjeeto
258 3384 376 3443 mortali
388 3387 565 3462 superaddit
578 3387 791 3464 aequivalenter
802 3406 911 3444 novam
925 3385 1009 3444 mali·

81 3465 139 3519 tam
149 3463 304 3522 mortalem
316 3488 325 3527 z
338 3465 405 3522 talis
415 3465 599 3531 est-intentio
612 3467 732 3525 furandi
743 3466 818 3526 duos
830 3486 936 3525 aureos
948 3485 1009 3524 res-

64 3604 67 3609 ,
81 3552 156 3615 Potiu
168 3543 243 3602 furti
258 3545 451 3616 uniusaurei,
465 3567 534 3624 quae
547 3547 673 3606 intentio
686 3546 767 3605 furto
780 3545 897 3606 mortali
907 3567 1011 3625 super·

83 3617 282 3683 altinonam
303 3623 445 3684 malitiam
469 3627 624 3685 mortalem
642 3627 777 3706 ejusdem
799 3628 927 3705 speciei3
951 3627 1011 3685 tale

83 3697 157 3761 etiam
169 3714 213 3762 est
228 3715 330 3762 notum
341 3705 485 3765 castitatis
496 3717 638 3788 respectu
649 3707 874 3780 fornicationis,
887 3700 1033 3787 nuob'bli

75 3781 386 3851 apostatantem
400 3787 564 3850 mortalem
580 3791 715 3876 diversae
732 3790 862 3874 sneeie'i.

499 3890 524 3931 v
546 3882 567 3934 3
