2160 4072
124 109 167 176 94
272 114 276 121 '
505 120 705 166 raserarus

124 275 213 330 batur
226 290 262 328 ex
287 268 372 328 Matr.
388 286 451 348 cap.
480 276 525 327 ll.
549 289 577 326 v.
602 274 661 339 27;
691 266 818 325 “Nemo
840 264 927 324 novit
950 261 1070 333 Filium„

126 362 145 386 “
160 351 217 409 nisi
233 353 340 410 Pater:
355 370 453 428 neque
469 351 586 408 Patrem
598 349 665 428 quis
678 345 772 417 novit,
786 344 844 405 nisi
855 345 962 414 Filius,
978 354 1007 402 et
1017 324 1070 417 coli

127 441 145 466 ¹‘
161 431 290 489 voluerit
301 429 397 488 Filius
410 429 569 488 revelare.”
1060 426 1070 501 ζ

164 512 267 585 Quare
282 511 313 569 in
338 509 539 588 cognitionem
565 507 657 567 hu’us
682 506 821 586 Mysterii
846 503 990 565 devenire
1007 486 1070 617 mi:

125 611 283 669 possumus
297 589 360 649 solo
374 589 487 648 lumine
496 600 585 648 natur
617 587 648 648 'i

163 671 188 730 Ι.
208 671 242 728 R.
258 671 339 742 Quia
352 670 528 729 deberemus
542 669 574 727 in
588 667 669 727 illam
681 666 881 746 cognitionem
895 665 1005 733 venire,
1018 632 1070 721 vd?

129 751 145 809 i
157 751 250 829 priori
264 771 315 809 seu
327 770 382 829 per
399 770 517 810 causam
529 774 539 823 ς
552 749 604 809 sed
614 748 673 807 hoc
686 748 750 807 fieri
763 745 879 825 nequit,
905 747 975 804 cdm
1041 810 1045 817 ¹

127 832 247 889 tissimae
262 830 418 890 Trinitatis
441 830 524 889 nulla
539 831 577 889 sit
590 849 700 899 causa;
725 826 774 887 vel
789 830 806 886 i
820 824 1002 905 posteriori,'
1056 873 1061 907 .

127 910 349 988 pereffectum:
379 911 432 970 sed
444 909 567 971 effectus
581 930 633 982 sea
657 929 748 988 opera
774 907 812 966 ad
836 914 922 965 extra
940 924 995 984 pro
1051 964 1056 981 ‚

109 990 250 1069 xquidem
261 990 371 1051 debere
381 1011 445 1050 esse
455 1010 545 1050 unam
557 1009 675 1050 causam
685 988 812 1068 primam
824 1007 876 1046 sen
886 987 995 1054 Deum,
1007 973 1070 1062 norff

129 1076 200 1131 vero
214 1071 301 1129 illum
316 1071 425 1131 debere
447 1091 511 1130 esse
530 1071 652 1130 trinum.
696 1069 778 1128 Hinc
800 1067 907 1144 collige
920 1066 977 1126 hoc
990 1060 1070 1147 mysi·

127 1152 236 1211 terium
249 1151 461 1211 invincibiliter
473 1151 605 1229 ignorari
613 1169 708 1229 posse.
1041 1144 1070 1171 ‘

170 1231 233 1309 obj
262 1232 287 1289 1.
303 1233 408 1291 Deitas
422 1231 556 1290 consistit
568 1233 599 1289 in
613 1230 711 1289 tribus
723 1228 881 1301 Personis3
897 1247 970 1304 ergo
979 1228 1002 1288 si
1012 1225 1070 1311 pffffj

131 1312 234 1370 lumen
247 1312 381 1371 naturale
393 1313 478 1371 Deus
491 1311 612 1390 probari
624 1311 728 1389 possit,
743 1309 830 1367 etiam
844 1328 901 1387 per
909 1307 986 1366 illud
1000 1312 1070 1399 prof-{j¹

128 1393 250 1451 babitus·
261 1391 382 1451 Trinus.
1056 1400 1070 1446 Τ

170 1474 204 1531 R.
222 1474 298 1551 Neg.
322 1493 400 1532 cons.
418 1473 501 1531 Deus
515 1471 594 1532 enirn
608 1491 662 1551 per
675 1469 779 1529 lumen
804 1468 941 1528 naturale
955 1452 1070 1543 nntlnl

130 1552 327 1631 cognoscitur,
352 1563 386 1611 ut
406 1571 495 1612 causa
516 1553 613 1632 prima
634 1561 856 1611 creaturarum:
875 1548 939 1628 jam
974 1538 1070 1687 aaa

132 1632 215 1691 Deus
229 1642 274 1691 est
283 1650 372 1692 causa
384 1633 478 1711 prima
491 1644 691 1692 creaturarum
713 1631 826 1690 ratione
848 1629 993 1689 Essentiaa
1050 1630 1053 1635 ’

129 1712 244 1770 ratione
257 1712 347 1769 trium
364 1714 558 1772 Personarum
571 1712 694 1792 praecise
705 1735 715 1783 ς
736 1710 807 1770 hinc
829 1712 951 1769 Creator
964 1698 1070 1793 dicitur,t

132 1791 336 1850 essentialiter.
777 1804 779 1808 ⁴
1061 1858 1063 1863 Ι

170 1870 243 1951 obj.
260 1871 300 1929 ll.
319 1871 356 1930 ln
367 1873 488 1932 homine
500 1883 544 1933 est
553 1874 651 1950 imago
663 1873 716 1932 SS.
728 1871 891 1938 Trinitatis,
904 1890 977 1949 ergo
985 1862 1070 1928 homi*

129 1969 166 2008 ex
178 1952 275 2030 seipso
288 1951 321 2009 in
334 1952 425 2032 hujus
440 1953 577 2032 Mysterii
591 1952 790 2031 coguitionem
801 1951 904 2010 venire
917 1961 1023 2028 potest.

171 2035 209 2092 R.
232 2034 261 2090 N
263 2052 308 2110 eg.
331 2052 409 2094 cons.
432 2035 501 2112 quia
514 2033 603 2092 homo
616 2053 676 2090 non
690 2043 789 2110 potest
799 2030 873 2090 scire
884 2031 924 2101 id,
936 2030 1015 2108 quod
1026 2034 1060 2086 ert

131 2111 162 2167 in
176 2113 251 2190 ipso,
262 2132 324 2171 esse
333 2113 492 2192 imaginem
505 2115 557 2174 SS.
572 2113 737 2181 Trinitatis,
748 2110 805 2170 nisi
818 2109 901 2190 priris
916 2116 1059 2190 cognoscat

134 2190 310 2251 Trinitatem
335 2213 398 2252 esse
411 2193 443 2252 in
458 2194 578 2253 Divinis
591 2217 600 2265 ;
616 2191 725 2252 deinde
734 2203 767 2250 ut
776 2191 849 2249 dicit
864 2192 894 2251 S.
910 2191 968 2249 Th.
978 2192 1061 2265 imago

135 2289 201 2345 quae
212 2281 258 2328 est
272 2274 300 2329 in
314 2272 444 2345 homine,
465 2273 534 2352 plus
548 2273 637 2332 habet
660 2272 698 2331 de
720 2270 970 2346 dissimilitudine,
985 2271 1061 2348 quim

138 2351 176 2409 de
195 2352 395 2411 similitudine.
909 2363 913 2369 '

133 2513 171 2571 N.
185 2510 232 2573 66.
259 2513 315 2571 DE
339 2510 721 2573 SIMILITUDINIBUS
743 2512 796 2572 SS.
813 2507 1063 2571 TRINITATIS.

135 2672 159 2728 1.
180 2671 217 2728 Ia
232 2673 371 2730 creaturis
384 2671 599 2730 rationabilibus
608 2681 648 2730 est
663 2673 790 2750 qrtoedam
803 2672 905 2750 imago,
928 2674 959 2730 in
969 2665 1067 2729 calais

171 2749 314 2828 vestigium
329 2750 385 2809 SS.
400 2751 558 2811 Trinitatis.

172 2907 231 2967 An
254 2908 344 2967 datur
354 2908 454 2986 aliqua
468 2911 633 2969 similitudo
654 2910 704 2968 SS.
719 2910 897 2971 Trinitatis?

173 2986 198 3045 l.
215 2990 251 3047 R.
263 2989 331 3046 Non
345 2989 432 3048 datur
448 2989 509 3048 ulla
529 2991 662 3067 perfecta
675 3009 814 3068 ,semper
834 2989 913 3049 enirn
934 2986 1033 3047 delicit
1043 2983 1070 3040 in

133 3065 242 3145 aliquo.
287 3068 381 3128 Docet
395 3081 495 3128 tamen
511 3071 540 3129 S.
556 3073 582 3129 T
585 3071 663 3129 hom.
680 3092 708 3148 q.
725 3079 772 3131 45.
791 3082 846 3129 art.
858 3079 885 3138 7.
897 3070 928 3127 in
943 3077 963 3102 “
975 3060 1070 3142 torp?

138 3149 219 3224 qudd
228 3147 260 3205 in
273 3147 394 3208 homine
404 3160 434 3208 et
443 3149 474 3206 in
487 3150 610 3228 Angelis
619 3149 657 3209 sit
667 3151 830 3209 similitudo
839 3161 869 3209 et
878 3151 977 3227 imago
983 3147 1070 3224 aliqua

136 3227 312 3306 imperfecta
324 3229 376 3289 SS.
389 3230 553 3302 Trinitatis,
571 3230 601 3289 in
614 3231 727 3290 caeteris
737 3230 807 3289 verri
817 3231 960 3290 creaturis
968 3223 1070 3288 inveni·

135 3318 204 3366 atur
213 3307 335 3387 aliquod
350 3309 519 3387 vestigium.

178 3389 262 3447 Inter
277 3389 436 3467 imaginem
452 3401 482 3449 et
497 3391 656 3470 vestigium
670 3390 734 3451 haec
748 3402 793 3449 est
806 3391 987 3460 differentia,
1002 3382 1070 3466 quod

137 3468 296 3546 vestigium
313 3471 350 3528 sit
364 3468 487 3528 effectus
505 3491 599 3531 causor
613 3492 676 3530 eam
697 3491 756 3529 non
779 3481 1003 3549 representans,
1024 3460 1070 3524 nisi

137 3547 310 3623 partialiter,
325 3549 411 3609 sicuti
430 3551 590 3629 vestigium
619 3551 711 3610 leonis
734 3563 928 3629 representat
949 3551 1070 3612 leonem

138 3626 242 3704 imago
264 3642 362 3689 autem
378 3631 417 3689 sit
439 3630 603 3690 similitudo
625 3632 668 3689 rei
687 3632 725 3690 ad
739 3631 804 3711 ejus
825 3632 1020 3692 imitationem
1034 3643 1070 3686 ex·

129 3725 252 3782 pressa,
268 3709 357 3773 sicuti
370 3719 467 3770 statua
483 3711 573 3792 Regis
584 3723 776 3790 representat
788 3713 885 3791 ipsum
903 3715 1023 3791 Regem.
1036 3716 1039 3721 '
