2160 4072
331 106 377 153 na
401 108 443 151 aa.
461 104 668 150 autumare.
933 90 977 160 97

53 252 115 310 Vl.
128 251 213 312 Filio
225 252 370 312 tribuitur
380 252 534 330 sapientia,
548 249 663 310 ratione
677 251 890 323 similitudinis,
906 255 977 349 puis

53 380 56 390 ,
71 335 211 391 verbum
225 333 402 396 intellectis.
428 332 477 391 cui
491 333 569 390 inest
580 332 744 409 sapientia:
759 333 874 392 ratione
888 333 975 395 drasi-

53 413 214 484 litudinis,
234 432 283 483 ne,
298 414 376 473 sicut
391 413 557 492 juvenibus
570 412 645 471 solet
667 412 756 472 deese
765 412 919 492 sapientia,
942 416 977 477 id

53 522 56 549 e
67 493 156 552 Filio
167 495 236 570 quia
249 495 370 574 cogitet.

55 574 138 632 VII.
162 575 285 634 Bonitas
295 574 475 635 adscribitur
490 572 615 651 Spiritui
633 574 742 633 Sancto
765 575 880 634 ratione
894 574 977 634 simi-

53 655 173 725 udinis,
183 655 255 732 quia
267 665 313 715 eat
329 674 431 714 amor:
456 654 607 732 objectum
620 665 719 713 autem
740 655 848 715 amoris
862 666 907 714 est
920 657 976 714 bo-

53 755 117 794 un:
143 737 186 793 ob
200 735 482 804 dissimilitudinem,
507 754 555 802 ne,
591 734 663 810 quia
690 736 813 812 spiritus
837 748 975 797 terrenus

53 816 177 875 oleatus
190 827 221 874 et
234 817 419 894 impetuosus
432 834 496 875 esee
510 814 593 883 solet,
622 815 681 873 tale
696 816 771 893 quid
786 817 973 895 suspicemur

53 917 62 955 s
75 896 195 973 Spiritu
212 897 327 955 Sancto.
971 926 975 933 ·

66 978 112 1034 Ex
123 977 172 1034 his
182 977 370 1055 intelligitur,
385 998 451 1055 quae
463 996 554 1054 opera
566 984 588 1012 “
600 978 638 1036 ad
653 980 753 1036 extra”
767 979 969 1038 attribuantur

53 1057 118 1125 atri,
131 1077 252 1134 nempe,
266 1057 374 1116 creatio
387 1069 418 1116 et
431 1058 626 1134 gubernatio;
654 1078 724 1115 nam
737 1057 769 1115 in
782 1058 843 1118 illis
856 1059 972 1118 relucet

53 1139 261 1215 mnipotentia3
284 1137 361 1197 Filio
385 1138 563 1196 adscribitur
586 1138 762 1215 redemptio,
792 1151 822 1198 et
846 1140 973 1218 Spiritui

53 1228 135 1276 aneto
158 1218 341 1297 justificatio.
398 1219 487 1281 Plura
515 1218 622 1277 similia
643 1221 764 1277 nomina
782 1220 974 1300 appropriata

53 1298 96 1356 ide
108 1299 191 1376 apud
213 1301 243 1358 S.
259 1299 319 1358 Th.
332 1308 385 1357 art
399 1306 426 1365 7.
443 1313 472 1356 et
487 1305 514 1358 8.

66 1378 155 1437 Vlll.
178 1381 294 1453 Quarta
301 1403 311 1451 ;
340 1379 470 1438 Nomina
494 1380 679 1439 substantiva
702 1377 879 1446 essentialia,
906 1382 969 1440 sive

53 1469 86 1517 nt
99 1472 245 1528 cunerem,
257 1461 320 1519 aive
328 1460 484 1530 abstracta,
492 1460 635 1519 dicuntur
645 1458 760 1519 tantum
773 1461 805 1519 in
819 1460 971 1538 singulari,

53 1559 70 1597 ‚c
83 1540 195 1608 dicitur
208 1560 288 1599 unus
303 1541 396 1610 Deus,
411 1559 472 1598 una
486 1542 600 1611 Deitas,
627 1560 688 1599 non
701 1550 770 1599 tres.

68 1621 123 1679 lx·
145 1622 260 1695 Quinta
267 1644 278 1692 3
307 1620 436 1679 Nomina
458 1620 607 1698 adjectiva
629 1622 796 1681 essentialia
823 1621 971 1700 adjective

53 1712 143 1779 umpta
162 1702 363 1780 praedicantur
385 1700 423 1759 de
448 1703 585 1760 Personis
607 1702 783 1780 pluraliter:
807 1701 850 1760 ita
873 1702 972 1761 dicere

53 1792 114 1855 αις
134 1792 197 1841 tres
222 1784 359 1841 Personae
381 1781 443 1840 sint
469 1793 632 1853 coaeterna,
657 1782 797 1860 aequales,
823 1794 972 1842 cresunt

53 1861 169 1922 theutes
183 1863 388 1921 Divinitatem.

71 1942 137 2022 Obj.
154 1944 191 2002 ln
207 1942 350 2021 Symbola
361 1944 392 2004 S.
406 1942 563 2004 Athanasii
574 1943 722 2023 legimus:
737 1946 807 2002 Non
817 1954 877 2003 tres
886 1954 972 2003 aeter-

53 2021 73 2159 p,
84 2025 133 2082 sed
141 2043 221 2084 unus
235 2034 379 2083 aeternus:
409 2045 481 2102 ergo
494 2045 556 2083 non
569 2024 642 2084 licet
654 2025 802 2104 adjectiva
814 2024 970 2103 pluraliter

65 2123 133 2164 uere.

71 2186 106 2244 ll.
119 2206 188 2246 earm
214 2189 243 2248 S.
258 2189 368 2247 Thom.
380 2197 434 2246 art.
447 2195 477 2247 3.
491 2187 523 2246 in
537 2188 621 2267 Corp.
647 2186 729 2266 qudd
745 2187 774 2247 S.
790 2186 972 2247 Athanasius

53 2267 177 2338 uminoa,
210 2281 348 2339 aternus,
381 2269 569 2346 omnipotens
579 2272 607 2340 ;”
630 2280 685 2328 etc.
716 2269 876 2346 sumpserit
900 2269 971 2326 sub-

53 2349 160 2420 untive,
172 2349 246 2407 dum
260 2350 325 2408 illos
340 2349 500 2408 masculine
525 2350 692 2428 usurpavit,
713 2368 774 2407 non
788 2359 887 2406 autem
898 2348 972 2406 dum

53 2432 217 2508 assumpsit
236 2430 268 2488 in
281 2429 339 2489 alio
352 2449 481 2506 genere,·
509 2430 551 2487 sie
571 2430 603 2487 in
627 2430 732 2489 eodem
755 2427 900 2508 Symbolo
925 2429 969 2485 di·

53 2519 134 2568 untur
148 2521 210 2569 tres
222 2512 358 2569 Persona
371 2510 428 2568 sibi
437 2522 598 2569 coaeterum.
717 2557 724 2565 ,

72 2588 167 2662 Quare
177 2591 250 2649 licet
259 2591 407 2669 adjectiva
416 2591 571 2667 pluraliter
582 2591 761 2660 diceremur
770 2588 970 2649 substantiva?

73 2669 104 2729 R.
117 2691 155 2729 ex
170 2673 202 2730 S.
218 2672 324 2730 Thom.
347 2672 412 2729 loeo
424 2672 534 2740 uitato,
556 2672 627 2749 quia
640 2671 761 2728 nomina
785 2671 970 2729 substantiva

53 2752 190 2810 sentiaha
214 2751 382 2828 significant
394 2753 508 2829 aliquid
528 2772 583 2829 per
595 2751 717 2809 modum
737 2750 919 2821 substantias,
940 2763 970 2810 et

53 2831 149 2891 roinde
158 2832 314 2910 pluraliter
324 2833 403 2890 dicta
411 2832 613 2909 significarent
622 2832 908 2909 pluressubstantias
916 2852 969 2888 seu

53 2914 165 2972 sannas
188 2914 221 2970 in
235 2914 321 2971 Deo:
343 2912 395 2971 sed
422 2913 570 2990 adjectiva
594 2912 762 2990 significant
786 2912 900 2989 aliquid
913 2932 968 2989 per

53 2993 144 3052 nodum
160 2993 321 3052 accidentis
335 2993 505 3051 inhaerentis
517 2993 695 3062 substantiae,
717 3003 747 3051 et
760 2993 801 3050 itu
814 2993 846 3049 in
859 2990 969 3070 plurali

53 3068 104 3132 ieta
111 3093 173 3133 non
184 3072 383 3152 multiplicant
393 3075 560 3134 essentiam.

71 3154 136 3234 Obj.
152 3159 272 3215 Nomen
286 3162 307 3189 “
323 3156 468 3214 Persona’'
490 3166 535 3214 est
557 3155 786 3223 substantivum,
814 3162 844 3211 et
867 3163 968 3211 tamen

53 3231 144 3306 tumr,
158 3236 315 3314 pluraliter
328 3235 360 3293 in
373 3235 510 3307 Divinis3
525 3256 607 3312 ergo,
617 3247 674 3295 etc.

71 3316 187 3375 RNon
201 3328 246 3375 est
258 3335 367 3374 nomen
388 3316 554 3386 essentiale,
578 3317 631 3374 sed
650 3313 807 3392 personale
830 3310 945 3371 tannim
959 3336 967 3383 ;

53 3395 103 3455 nde
114 3397 213 3456 forma
226 3397 391 3475 significata
403 3414 464 3455 non
475 3408 520 3454 est
535 3398 671 3454 Essentia
686 3396 806 3462 Divina,
828 3393 888 3451 'sed
899 3413 968 3471 per-

53 3478 182 3549 nulitas3
205 3493 276 3537 sunt
290 3489 389 3536 autem
402 3488 464 3534 tres
477 3478 701 3555 personalitates
710 3477 742 3531 in
757 3474 886 3534 Divinis.

71 3557 103 3618 X.
128 3560 240 3618 Sexta:
271 3559 399 3616 Nomina
424 3556 600 3615 Essentialia
627 3564 763 3616 concreta
788 3555 968 3632 quandoque

53 3648 196 3715 amanum
209 3658 411 3718 propersona,
423 3634 496 3695 dum
506 3637 679 3715 scilieetper
689 3635 838 3718 nationale
847 3636 975 3709 restrin-¹

53 3728 136 3778 untur
144 3744 156 3792 ς
169 3732 202 3779 et
214 3723 256 3778 ita
269 3720 349 3777 recte
361 3716 486 3780 dieitur:
502 3726 523 3753 “
537 3718 625 3781 Deus
639 3727 767 3800 generat
778 3720 802 3792 ;‘'
834 3716 987 3798 suppetiit

53 3794 93 3851 uin
102 3811 173 3855 tune
183 3800 220 3874 ly
234 3807 256 3831 “
265 3799 367 3856 Deus”
374 3817 434 3875 pro
452 3804 589 3864 Persona
602 3806 718 3866 Patris.

53 3874 141 3935 naor.
154 3875 260 3932 desa
281 3877 391 3939 Trrin'l.
516 3907 539 3946 it
