2152 4066
295 148 299 157 .
374 111 606 156 naruccarrs.
878 86 944 157 267

50 274 217 319 imorum:
238 258 350 317 dicitur
362 268 461 318 uatem
473 258 574 336 potius
596 264 616 292 “
631 267 733 316 contra
745 257 842 335 legem
857 266 942 317 mter·

50 341 127 407 am,'’
138 337 229 416 quim
244 347 376 398 “contra
389 348 500 397 rectam
521 338 666 397 rationem
674 359 686 409 ,-
706 338 723 362 ”
738 339 809 417 quia
822 339 865 397 sle
879 358 942 396 rne-

65 418 205 477 innuitur
225 420 340 497 peceati
361 419 483 489 malitia,
509 420 589 495 quod
603 439 663 477 non
677 417 773 476 solim
798 419 942 477 dedeceat

50 500 357 570 murmurationum
380 499 525 577 quatenrls
538 510 583 557 est
597 510 700 557 contra
719 509 830 558 rectam
851 498 942 558 ratio-

50 597 72 648 r,
100 578 155 639 sed
167 590 198 638 et
219 583 311 658 quim
330 580 467 649 maximo,
490 581 634 658 quatenus
656 590 701 638 est
721 592 824 638 contra
844 580 941 658 legem

50 678 147 729 rnam,
162 671 192 717 et
207 660 250 718 ita
263 659 374 719 offensa
395 660 462 718 Dei.

50 739 109 818 )bj.
134 741 245 799 Praeter
264 752 388 819 peceato
411 753 513 800 corttru
542 740 639 817 legem
667 748 805 798 aternam
834 741 942 799 dantur

50 833 222 957 undpeeoate
236 833 339 880 eontra
351 822 432 900 leges
455 821 614 880 humanas:
638 838 710 899 ergo
724 819 858 881 definitio
881 836 941 879 non

58 921 76 957 a
98 912 222 978 aequata.

50 979 74 1040 l.
83 982 206 1040 Peccata
216 993 318 1041 contra
327 981 650 1058 legeshumanasetiam
660 1001 723 1039 esse
732 990 835 1040 contra
844 979 942 1055 legem

50 1081 152 1133 ernarn3
166 1063 237 1140 quia
249 1061 298 1121 lex
320 1063 449 1121 hnmana
463 1061 614 1119 derivatur
629 1062 720 1139 ilege
735 1069 854 1130 aterna,
876 1081 942 1137 quae

50 1153 90 1200 tat
103 1154 133 1200 et
147 1143 281 1220 praecipit
295 1142 496 1201 obediendum
510 1162 573 1200 esse
588 1141 806 1218 Superioribus.

50 1221 109 1300 obj.
124 1224 166 1280 ΙΙ.
181 1223 244 1281 Sub
253 1224 304 1281 illa
313 1221 859 1298 definitione'noneornprehenduntur
873 1240 943 1298 pec·

50 1304 203 1361 avenialia
212 1328 222 1376 ;
251 1304 322 1381 quia
342 1305 429 1382 juxta
444 1305 473 1362 S.
489 1301 595 1360 Thom.
610 1312 715 1380 quaest.
731 1310 777 1362 88.
793 1312 848 1361 art.
865 1309 890 1359 1.
905 1300 943 1358 ad

50 1393 160 1441 necata
172 1384 299 1442 venialia
311 1404 372 1442 non
386 1394 457 1442 sunt
470 1392 574 1442 eontra
587 1380 639 1441 sed
652 1394 761 1459 prater
775 1382 882 1451 legem.

50 1464 76 1523 R.
88 1464 214 1522 Peccata
233 1464 360 1523 venialia
373 1465 442 1522 veri
462 1482 525 1522 esse
539 1475 641 1522 contra
654 1463 751 1540 legam
762 1485 772 1534 3
801 1462 943 1520 dicuntur

50 1545 123 1602 ami
135 1545 167 1605 S·
183 1545 291 1605 Thom.
307 1564 368 1603 non
382 1564 446 1602 erse
459 1555 562 1603 eontra
571 1544 669 1621 legem
679 1544 737 1602 hoe
749 1560 848 1613 sensu,
864 1542 944 1620 quod

50 1624 183 1763 fflegis,
199 1646 265 1703 quae
290 1636 335 1684 est
358 1625 502 1696 Charitas,
516 1644 577 1682 non
590 1634 737 1695 avertant,
762 1624 808 1682 uti
821 1632 943 1701 peecata

105 1725 140 1764 ra.

50 1795 86 1842 tn
102 1787 159 1844 sub
172 1784 225 1842 illa
231 1783 403 1844 definitione
417 1785 448 1844 S.
458 1785 623 1864 Augustini
637 1786 726 1844 etlam
747 1783 942 1862 eomprehen-

50 1876 246 1941 repetentum
267 1865 411 1939 originale
425 1871 437 1925 i
728 1906 731 1911 ·

55 1945 99 2004 ll.
109 1945 144 2002 R.
161 1947 283 2021 Propria
294 1946 338 2003 ibi
350 1947 464 2004 tantum
478 1945 618 2005 delinitur
629 1955 787 2024 peceatum
807 1944 941 2003 actuale:

50 2025 118 2083 dam
131 2036 234 2084 tamen
246 2027 390 2103 originale
401 2027 678 2103 comprehendunt3
703 2027 774 2103 quia
787 2034 943 2102 peceatum

50 2105 141 2182 ginale
167 2116 267 2183 potest
290 2108 351 2164 dici
376 2113 396 2140 “
409 2105 545 2165 faetum”
568 2107 769 2165 voluntarium
790 2105 943 2164 voluntate

50 2187 116 2256 ami,
139 2207 207 2263 quae
220 2197 379 2266 reputatur
388 2197 496 2246 nostra

50 2267 153 2325 'ariter
168 2267 291 2344 quidem
314 2267 420 2325 volunt
442 2267 653 2345 comprehendi
679 2279 834 2345 peecatum
857 2264 944 2322 habi·

50 2346 77 2404 le
91 2371 97 2405 :
115 2347 186 2425 qnia
199 2346 271 2405 illad
285 2356 330 2406 est
339 2348 436 2424 ipsum
452 2349 567 2407 actuale
587 2346 739 2406 moraliter
751 2365 945 2426 perseverans

52 2447 109 2485 one
123 2428 246 2486 macula
259 2429 363 2487 animae
377 2429 557 2490 inhaerentis.

98 2591 139 2646 N.
166 2596 213 2658 89.
247 2589 305 2648 DE
328 2589 628 2649 DlVlSIONIBUS
650 2586 842 2648 PECCATI.

308 2747 334 2807 Ι.
349 2747 509 2808 Divisiones
515 2751 632 2828 Jaeccnti.

50 2905 263 2979 QUOMODO
278 2907 424 2967 dividitur
437 2912 613 2985 peccatum?

50 2989 65 3043 ζ.
83 2988 118 3045 R.
134 2986 319 3047 Multifariix
346 2987 386 3047 10.
402 2989 438 3046 In
460 2999 614 3065 peccatum
637 2987 791 3066 personale
802 2997 836 3045 et
854 2986 946 3064 origi-

49 3085 76 3128 e.
106 3066 159 3126 ,20
173 3066 208 3123 In
223 3079 379 3144 peccatum
393 3068 509 3126 actuale
522 3080 552 3125 et
566 3069 727 3129 halrituale.
768 3067 809 3127 30.
824 3068 861 3126 In
876 3087 946 3144 pec·

50 3166 99 3204 um
114 3147 238 3206 formale
252 3160 282 3208 et
293 3149 451 3208 materiale.
493 3150 533 3206 4⁰.
552 3150 588 3207 ln
597 3161 751 3228 peccatum
768 3148 946 3206 commissio-

60 3239 90 3285 et
104 3228 280 3288 omissionis.
322 3229 363 3288 5⁰.
381 3230 417 3287 ln
430 3239 586 3306 peccatum
600 3230 717 3289 carnale
731 3239 760 3287 et
784 3227 947 3306 spirituale.

58 3308 94 3365 ln
108 3322 265 3384 peccatum
278 3310 402 3368 mortale
416 3322 445 3367 et
459 3309 585 3367 veniale.
627 3309 673 3376 7⁰..
684 3309 721 3367 In
735 3320 888 3386 peccatum
901 3307 947 3364 in-

50 3407 119 3444 num
134 3396 164 3444 et
172 3400 337 3447 externum.
380 3390 422 3449 80.
436 3390 470 3447 ln
480 3400 635 3465 peccatum
645 3389 752 3458 cordis,
767 3389 826 3447 oris
835 3399 865 3446 et
878 3408 948 3464 ope-

50 3513 52 3526 .
93 3470 136 3535 9⁰.
152 3467 188 3525 In
213 3482 368 3546 peccatum
383 3490 419 3528 ex
433 3468 615 3540 infirmitate,
639 3488 675 3528 ex
689 3469 857 3546 ignorantia
868 3480 899 3526 et
913 3488 950 3525 ex

50 3547 123 3605 litia.
167 3548 244 3605 Cum
264 3550 320 3608 hac
341 3550 486 3608 divisione
500 3549 641 3609 coincidit
662 3549 769 3608 divisio
790 3549 905 3626 peccati
918 3549 951 3604 in

50 3637 158 3686 :catum
171 3628 205 3686 in
217 3630 344 3701 Patrem,
359 3629 391 3686 in
407 3630 516 3688 Filium
532 3639 562 3687 et
575 3631 606 3687 in
628 3630 773 3708 Spiritum
799 3631 950 3688 Sanctum.

50 3706 65 3767 0.
79 3708 116 3765 ln
128 3718 286 3786 peccatum
301 3721 403 3768 oontra
418 3711 527 3778 Deum,
543 3721 646 3769 contra
658 3709 829 3788 proximum
841 3721 871 3766 et
881 3728 951 3767 con-

70 3788 210 3865 seipsum.
255 3789 315 3850 110.
333 3790 426 3850 Aliud
441 3801 486 3848 est
499 3802 656 3866 peccatum
676 3789 841 3868 proprium,
870 3787 952 3867 quod

437 3878 454 3930 ‘2
474 3879 523 3931 ,12
