2152 4066
14 144 23 158 2
77 156 79 161 -
110 103 178 178 296
484 128 683 172 rascrnnus

163 275 202 332 N.
219 280 287 335 110.
302 274 360 334 DE
376 273 586 333 REMEDIIS
607 272 1004 346 CONCUPISCENTIAE.
1071 334 1072 339 ,

114 434 138 493 1.
161 433 297 493 Remedio
310 442 407 493 contra
430 441 521 492 motae
542 434 775 510 concupiscentia.
817 433 861 497 ΙΙ.
883 438 937 498 Est
961 450 1039 522 repsi.
1065 430 1072 494 'n

132 531 224 571 mere
235 512 339 573 directe
352 513 396 571 ael
406 510 546 571 indiserti.
590 512 650 570 lll.
668 512 960 595 Occasionesfugere,
999 524 1040 586 lv·
1070 584 1072 594 Ι

156 593 311 651 Recorrere
323 593 362 650 ad
372 592 473 651 Deum.
514 592 550 650 V.
564 590 708 668 Jejuniom
719 593 830 671 alioque
839 598 965 658 resnedia
973 610 1041 660 natu·
1064 623 1072 678 p

153 669 238 729 rolin.
280 671 334 731 vl.
363 671 451 729 Actus
476 670 613 728 contrarii
639 669 779 735 virtutum.
823 675 848 731 V
852 674 895 732 11.
927 678 1043 742 Teatotio
1064 701 1072 754 t,

153 749 273 810 lusoria
296 751 488 810 contemnendo
513 747 642 807 uincitur.
685 751 773 811 VIII.
796 752 975 814 Conscientia
1000 779 1041 820 am
1066 801 1072 837 ,

151 829 247 888 statim
272 837 335 908 post
361 829 534 888 tentationem
557 826 748 890 examinando.
791 832 847 893 lx.
871 832 939 893 Noa
961 836 1041 897 eadm

153 908 279 968 cornibus
291 908 409 967 remedio
426 904 644 985 proscribendo.

154 1065 349 1142 QUAENAM
367 1076 437 1128 sunt
449 1065 599 1146 precipua
611 1066 742 1126 remedia
755 1080 858 1129 contra
871 1081 973 1131 motus
985 1091 1042 1134 con.

114 1147 322 1227 cupiscentioe?
1068 1202 1072 1217 ,

155 1228 180 1287 Ι.
206 1230 240 1287 Β.
268 1227 441 1288 Generatim
454 1246 541 1286 omne
553 1226 630 1284 illud
649 1227 740 1286 habet
761 1228 906 1287 rationem
920 1232 1041 1306 remedii,
1067 1264 1072 1283 ε

116 1307 196 1388 quod
206 1306 285 1367 tollit
298 1327 414 1367 eausam
429 1327 480 1366 seu
491 1307 629 1376 radicem,
644 1328 681 1367 ex
691 1328 751 1385 qua
758 1320 856 1367 motus
864 1311 1042 1387 proveniunt
1068 1343 1071 1351 ¹

158 1389 199 1446 11.
215 1388 297 1448 Hinc
311 1388 336 1447 si
349 1399 446 1446 motus
456 1387 587 1445 oriantur
601 1408 638 1445 ex
648 1388 802 1466 phantasia
820 1408 873 1447 seu
886 1388 1042 1468 imaginati.

115 1488 171 1526 one
183 1467 271 1526 modo
284 1472 372 1545 supra
395 1468 484 1536 dicto,
499 1476 616 1543 oportet
639 1468 687 1525 vel
700 1467 810 1525 directi
823 1488 880 1545 per
892 1469 1043 1548 imperium

114 1547 274 1607 voluntatis
282 1547 505 1624 imaginationes
514 1559 567 1604 aut
579 1546 770 1624 cogitationes
783 1547 848 1606 illas
855 1548 994 1626 abjicere,
1004 1554 1042 1612 vel

79 1646 81 1650 “
115 1628 284 1706 reprimere,
299 1638 351 1685 aut
363 1627 465 1685 saltem
479 1625 632 1696 indirecte,
655 1626 831 1703 applicando
844 1628 960 1688 scilicet
971 1651 1043 1691 men·
1069 1684 1072 1697 ,

116 1721 175 1766 tem
190 1705 299 1765 adalia
318 1705 567 1782 incompossibilia
580 1724 648 1763 cum
667 1706 725 1764 illis
738 1707 979 1783 cogitationibus,
1003 1712 1044 1770 vel
1069 1706 1072 1719 '

117 1787 154 1845 ad
163 1786 221 1845 alia
240 1786 346 1845 fortiis
359 1796 487 1842 mentem
500 1785 671 1851 afficientia:
700 1806 727 1843 v.
741 1804 772 1862 g.
791 1787 830 1845 ad
843 1788 1044 1850 consideratio-

114 1886 183 1926 nem
193 1865 336 1943 passionis
348 1864 467 1934 Christi,
481 1864 718 1935 novissimorum,
727 1876 783 1925 etc
796 1866 844 1925 vel
857 1868 947 1926 etiam
960 1870 1046 1949 sppli-
1068 1870 1072 1881 '

116 1946 211 2021 cando
223 1946 355 2005 animum
366 1944 405 2002 ad
418 1944 536 2022 negotia
549 1964 611 2015 sua,
631 1955 683 2003 aut
695 1945 865 2023 arripiendo
880 1951 1044 2026 ocorrpatio-

116 2047 184 2085 nem
197 2025 326 2103 aliquam
337 2036 497 2095 externam,
524 2044 591 2101 quae
611 2025 737 2102 requirit
750 2025 906 2102 specialem
917 2029 1046 2089 attentio·

116 2127 182 2165 nem
195 2126 203 2164 ε
217 2107 263 2164 his
274 2107 352 2164 enim
366 2104 462 2162 modis
470 2104 551 2182 prior
564 2104 733 2182 imaginatio
747 2105 873 2184 ejicitur,
887 2107 934 2165 uti
952 2109 1049 2169 clavus

118 2186 200 2245 clavo
210 2186 340 2263 pellitur.

158 2267 250 2325 Notat
259 2266 433 2344 Alphonsus
446 2264 615 2342 Rodriguen
626 2276 710 2343 parte
727 2274 756 2326 2.
776 2277 860 2326 tract
876 2275 905 2326 4.
930 2276 1052 2346 capto.

118 2346 275 2405 nonnullos
289 2365 364 2416 esse,
378 2347 440 2424 qui,
463 2357 497 2404 ut
521 2346 712 2424 cogitationes
735 2356 766 2405 et
789 2358 886 2405 motus
900 2348 1052 2426 repellant,

118 2446 254 2504 magnam
270 2426 327 2484 sibi
341 2427 401 2484 vim
424 2427 567 2496 inierunt,
593 2425 680 2485 modi>
695 2425 752 2484 sibi
766 2439 899 2503 tempora
913 2429 1052 2487 constrin-

117 2506 225 2582 gendo,
237 2507 323 2565 modb
342 2507 470 2565 frontem
484 2506 679 2583 corrogando,
699 2507 786 2565 modi>
801 2517 890 2583 caput
901 2508 1049 2585 agitando,

116 2586 265 2646 interdum
288 2592 389 2664 aperti
405 2607 477 2645 voce
491 2586 626 2655 dicendo,
640 2587 710 2644 nolo
723 2587 895 2645 consentire.
940 2588 998 2656 Hi,
1010 2588 1052 2644 in-

118 2667 193 2743 quit,
216 2667 348 2744 profecti)
373 2667 497 2726 insolitis
520 2667 567 2724 his
591 2667 721 2724 motibus
741 2667 810 2744 plus
833 2665 891 2724 sibi
912 2667 1050 2738 officiunt,

118 2745 208 2823 quim
221 2747 350 2805 officeret
359 2747 435 2806 forte
447 2747 580 2805 tentatio.
621 2747 690 2805 Hoc
703 2746 791 2804 modo
805 2746 974 2823 scrupulosi
983 2767 1052 2824 pra·

118 2826 218 2884 sertim
232 2827 288 2885 sibi
302 2828 455 2885 cerebrum
469 2838 498 2885 et
512 2835 601 2903 caput
614 2826 738 2903 fatigare
751 2827 854 2884 solent.

158 2904 216 2963 111.
233 2907 263 2964 Si
274 2918 373 2965 motus
381 2917 432 2965 aut
446 2907 638 2983 cogitationes
647 2906 823 2983 proveniant
836 2924 873 2963 ex
896 2905 1052 2965 occasioni·

118 2986 184 3054 bus,
199 2997 250 3044 aut
258 2987 381 3064 objectis
394 2986 523 3045 externis
536 3005 589 3063 per
600 2986 707 3055 visum,
715 2985 861 3055 auditum,
870 2994 928 3044 etc.
942 2996 1052 3064 oportet

119 3084 270 3124 removere
284 3066 354 3124 talia
367 3067 483 3144 objecta
505 3076 535 3125 et
551 3066 717 3124 occasiones
736 3066 842 3142 fugere
849 3087 862 3139 ,ς
889 3066 1049 3142 etquidem

119 3145 192 3222 fuga
218 3145 250 3203 in
275 3145 420 3204 similibus
447 3157 492 3204 est
518 3144 681 3204 remedium
704 3144 843 3223 generale
865 3144 955 3223 juxta
981 3145 1050 3203 illul

119 3227 224 3301 Apost.
238 3232 263 3282 l.
275 3225 313 3284 ad
328 3229 394 3284 Cor.
409 3245 472 3303 cap.
487 3224 514 3285 6.
530 3246 557 3283 v.
575 3231 621 3284 18.
644 3232 664 3259 “
676 3226 784 3302 Fugite
796 3224 1050 3284 fornicationem?

118 3324 197 3374 nam,
213 3316 246 3364 ut
260 3308 397 3364 observat
411 3306 440 3364 S.
464 3305 572 3364 Thom.
581 3303 612 3362 in
626 3304 706 3363 hunc
717 3315 840 3373 textum,
865 3304 979 3382 quanti
995 3323 1049 3363 ms·

119 3384 165 3459 gis
175 3384 215 3443 ibi
228 3384 316 3443 homo
328 3385 494 3444 considerat
510 3384 697 3463 particulare,
720 3384 815 3461 magis
824 3383 1012 3443 incenditur:
1025 3394 1050 3443 et

119 3463 187 3521 ideo
202 3464 259 3523 hoc
269 3465 373 3524 vitium
388 3486 448 3523 non
459 3465 589 3523 vincitur
599 3463 771 3534 resistendo,
789 3464 841 3522 sed
855 3463 1011 3542 fugiendo,
1023 3463 1050 3523 il

118 3553 172 3611 est,
187 3545 316 3603 totaliter
329 3544 451 3604 vitando
472 3544 663 3622 cogitationes
676 3543 844 3602 immundas
856 3557 887 3604 et
900 3543 1052 3622 quotlibet

116 3642 293 3685 occasiones.

152 3703 168 3762 l
173 3705 203 3775 V.
217 3708 365 3769 Similiter
371 3704 695 3790 generaleremetl'rum
700 3701 1069 3785 suutreeurumubmeum

94 3806 156 3879 per
169 3791 361 3867 orationem,
373 3791 514 3873 suspiria
526 3787 569 3848 ml
581 3787 639 3846 SS.
649 3784 781 3870 Numen
796 3774 1072 3858 imam-‘Q

102 3888 172 3945 '⁶⁰¹2
214 3876 259 3938 ad
290 3875 468 3960 Angelum
498 3865 681 3934 cumcurm,
706 3858 850 3931 almum
877 3851 1025 3912 W·
1041 3855 1072 3899 m
