2160 4072
66 106 135 175 890
394 160 397 165 ,
441 118 642 165 raacrsrus

67 290 125 349 pro
137 270 202 346 ipsa
214 267 333 338 anima;
348 264 496 342 Theologi
509 265 708 325 communitor
721 266 996 326 muscieutiemdiri·
1017 261 1039 311 ·i

70 352 148 409 dunt
160 369 197 407 ex
218 356 304 425 parte
324 346 433 425 objecti
446 346 478 405 in
491 357 601 405 rectam
615 356 830 418 maroneam,
845 358 998 427 etexpartr
1036 413 1042 424 Ι

71 428 205 489 assensus
221 439 250 485 et
270 426 438 486 dictaminis
451 427 483 483 in
508 425 782 515 certaquubiam,
794 430 1001 507 probabileuet
1020 454 1035 509 ¹7

71 509 284 589 scrupulosam.
1030 516 1034 525 ’

114 591 172 649 Ill.
188 586 374 649 Conscientia
387 596 476 656 recta,
491 607 558 665 quae
569 587 609 646 ab
622 586 779 665 aliquibus
788 588 882 647 etiarn
896 596 915 624 ‘⁸
928 592 1002 647 Μ’
1030 595 1042 620 'f

72 671 191 736 dicitur,
204 669 254 726 illa
263 680 316 736 est,
327 688 394 744 quae
408 687 445 724 ex
460 667 536 725 veris
544 666 699 744 principiis
707 667 807 727 dictat
820 668 937 729 licitum
948 690 1002 743 este,

73 753 154 828 quod
169 751 265 826 reipsa
278 749 392 807 licitum
404 758 458 818 est,
484 747 531 807 vel
543 747 679 807 illicitum
693 768 769 816 esse,
786 749 926 827 quodest
937 750 1003 808 illici·
1033 740 1042 792 i

33 833 36 839 '
72 843 145 890 tum.
168 830 275 889 stricte
302 840 411 898 tamen,
439 839 474 887 ut
485 838 569 887 notat
591 828 732 898 eucine,
758 830 942 889 conscientia
952 850 1006 891 vers
1035 816 1042 872 l

72 910 238 989 generalior
251 919 297 967 est
309 911 400 986 quim
413 920 503 979 recta,
513 919 545 967 et
557 908 704 986 siguificat
716 930 842 968 omnem
855 911 946 982 illam,
955 930 1007 989 qua

74 992 166 1049 dictat
180 989 294 1066 aliquid
308 1009 371 1047 esse
384 986 499 1046 licitum
511 989 561 1049 vel
569 989 715 1060 illicitum,
740 990 828 1067 quod
841 992 941 1069 reipsa
962 990 1008 1051 ale

73 1081 128 1141 est,
149 1071 213 1129 sive
226 1069 375 1129 dictamen
385 1068 461 1127 illud
475 1087 512 1129 ex
523 1070 601 1129 veris
612 1070 770 1149 principiis
782 1072 940 1149 procedat,
960 1072 1009 1131 sire

73 1171 143 1209 non.
1035 1182 1042 1189 ·

117 1232 170 1289 IV.
197 1231 331 1290 Erronea
352 1240 405 1299 est,
432 1250 502 1307 quae
522 1230 615 1290 dictat
638 1230 755 1290 licitum
776 1250 855 1300 esse,
877 1232 957 1311 quod
975 1242 1010 1289 est
1034 1238 1041 1245 '

73 1311 222 1381 illicitum,
237 1312 285 1370 vel
299 1320 410 1378 contra,
424 1310 562 1370 illicitum
572 1330 638 1370 esse
652 1311 733 1389 quod
742 1323 789 1370 est
797 1310 930 1371 licitum.
950 1312 1011 1371 llso

76 1392 221 1450 dividitur
235 1392 312 1449 sicut
333 1391 500 1469 ignorantia
523 1392 555 1451 iu
569 1391 795 1451 vincibiliter-et
808 1392 1012 1452 invincibiliter

76 1492 240 1531 erroneam.

116 1554 153 1610 V.
169 1551 355 1611 Conscientia
369 1562 450 1613 certa
462 1567 516 1625 est,
531 1573 599 1632 quae
612 1553 735 1615 firmiter
749 1562 779 1612 et
792 1554 912 1632 absque
924 1554 1012 1613 formi-

76 1633 147 1691 dine
160 1633 199 1690 de
212 1633 351 1711 opposito
371 1634 465 1693 dictat
478 1634 592 1714 aliquid
605 1654 667 1693 esse
690 1634 807 1693 licitum
824 1636 877 1693 vel
890 1634 1012 1694 illicitum
1040 1682 1042 1693 .

76 1714 115 1771 ob
126 1726 312 1789 argumenta,
326 1732 393 1789 que
406 1714 547 1773 moralem
570 1714 710 1775 adferunt
723 1714 941 1775 certitudinem
948 1739 958 1787 ;
980 1714 1014 1773 ric

76 1813 129 1870 per
145 1792 352 1852 conscientiam
367 1804 477 1851 certam
487 1794 602 1873 judico,
616 1815 720 1855 census
730 1794 829 1854 reales
843 1815 910 1855 esse
921 1792 1013 1855 licitos
1040 1828 1042 1841 =

118 1873 172 1931 Vl.
187 1873 375 1932 Conscientia
386 1875 551 1951 probabilis
563 1896 613 1935 seu
634 1875 784 1953 opinative
798 1886 858 1945 est,
882 1894 949 1954 qure
960 1876 1014 1954 qui·

78 1954 146 2012 dem
159 1954 243 2031 gravi
256 1954 363 2012 nititur
375 1968 561 2032 argumento,
576 1957 628 2015 sed
642 1956 783 2014 moralem
796 1975 863 2014 non
876 1956 1014 2015 adterere

78 2034 301 2092 certitudinem:
318 2035 397 2094 unde
410 2036 582 2114 adjunctam
605 2036 695 2095 habet
708 2036 904 2096 formidinem
920 2037 957 2094 de
972 2055 1014 2113 op·

76 2115 174 2192 posito
186 2116 226 2174 ob
239 2126 413 2191 argumenta
432 2118 586 2175 contraria.

119 2197 260 2253 Formido
271 2197 322 2253 illa
336 2216 396 2254 non
405 2197 494 2256 debet
504 2217 568 2256 esse
580 2197 711 2267 actualis,
726 2197 779 2254 sed
793 2198 906 2256 sufficit
918 2196 1013 2274 aptitu-

79 2275 195 2340 dinalis‚
221 2276 251 2333 id
265 2288 319 2345 est,
349 2277 427 2353 quod
442 2298 577 2337 assensus
590 2277 753 2355 probabilis
767 2297 830 2333 nou
854 2278 964 2336 sittan
975 2276 1012 2333 fir·
1033 2294 1042 2397 q

77 2377 155 2424 mue,
177 2356 268 2432 quim
282 2358 375 2435 possit
389 2359 516 2435 compati
541 2358 730 2416 formidinem
743 2355 784 2415 de
798 2357 948 2435 opposito.
1032 2400 1036 2426 .

118 2437 191 2494 Vll.
214 2438 402 2496 Conscientia
426 2438 518 2496 dubia
531 2450 575 2497 est
589 2439 709 2515 duplex,
732 2438 848 2495 scilicet
870 2446 891 2473 “
903 2436 1011 2515 positivi
1031 2450 1036 2515 q

79 2526 98 2549 “
113 2517 233 2587 dubia,''
248 2539 314 2596 quoe
325 2530 370 2577 est
379 2518 525 2578 haesitatio
539 2539 591 2577 seu
601 2519 755 2596 suspensio
769 2517 941 2577 intellectus
951 2518 1011 2575 cirea
1033 2518 1037 2571 ¹.

78 2609 236 2675 utramque
249 2599 489 2659 contradictionis
511 2610 626 2676 partem
636 2599 786 2676 judicium
800 2618 892 2656 suum
907 2615 1011 2676 suspen·
1034 2608 1037 2613 '

78 2680 183 2747 dentis,
205 2693 328 2758 propter
341 2680 468 2737 rationes
486 2681 636 2758 utrimque
648 2679 826 2755 probabiles.

120 2761 209 2817 VlIl.
232 2760 300 2819 Alia
324 2770 369 2819 est
389 2762 558 2837 “negative
583 2760 703 2829 dubia,''
727 2765 786 2837 qua
810 2778 899 2816 mens
923 2774 1012 2834 anceps

78 2842 180 2909 haeret,
201 2844 235 2898 co
261 2842 342 2919 quod
355 2840 472 2899 nullum
486 2840 595 2899 habeat
606 2850 814 2916 argumentum
830 2834 871 2896 ad
892 2838 1012 2917 judican-

80 2923 162 2987 dum,
173 2920 286 2997 aliquid
301 2941 364 2980 esse
378 2921 493 2980 licitum
508 2921 555 2979 vel
569 2920 716 2979 illicitum.

118 3003 306 3060 Conscientia
318 3001 443 3079 positive
465 3001 556 3059 dubia
581 3012 610 3058 et
623 2998 795 3078 probabilis,
823 3001 864 3057 ab
880 2998 1014 3077 aliquibus

79 3081 324 3141 confunduntur:
354 3084 458 3141 veriam
482 3091 588 3141 neutra
601 3080 779 3139 conscientia
793 3079 890 3139 dubia
903 3078 1015 3145 videtur,

78 3162 198 3240 proprie
213 3162 373 3239 loquendo,
385 3182 448 3220 esse
462 3163 655 3220 conscientia:
668 3161 739 3238 quia
749 3179 811 3217 non
825 3172 872 3219 est
882 3159 1016 3238 judicium

79 3243 199 3321 aliquod
215 3243 411 3311 definitivum,
428 3243 479 3300 sed
487 3243 594 3321 judicii
607 3242 766 3318 suspensio.

120 3325 176 3382 lx.
193 3323 378 3382 Conscientia
393 3324 565 3400 scrupulosa
579 3333 632 3391 est,
648 3342 714 3399 quae
724 3340 761 3378 ex
773 3318 896 3378 levibus
909 3316 1017 3379 rationi·

79 3406 135 3461 bus
151 3424 202 3461 seu
218 3405 400 3481 argumentis
424 3423 494 3462 cum
514 3404 642 3480 quadam
664 3401 813 3459 anxietate
837 3401 958 3479 judicat
978 3408 1018 3457 aut

79 3483 165 3541 timet
174 3486 295 3542 subesse
305 3495 470 3561 peccatum,
486 3485 538 3541 ubi
550 3494 704 3561 peccatum
718 3501 780 3538 uon
791 3493 852 3552 est;
876 3502 905 3540 v.
920 3502 950 3559 g.
964 3478 1019 3558 quis

76 3562 193 3640 judicat
217 3565 264 3622 vel
279 3575 399 3623 veretur
419 3583 458 3622 ne
476 3576 581 3643 peccet
602 3561 784 3622 ambulando
808 3582 901 3641 super
923 3561 1021 3641 petens.

81 3664 147 3721 quae
159 3643 334 3704 decussatim
352 3646 455 3723 positae
469 3665 586 3704 crucem
602 3644 766 3703 efformant.
