2160 4072
39 21 1055 53 m

268 111 314 157 ou
337 111 481 157 acrinus
505 109 679 158 nannum.
884 95 960 159 255·

39 255 64 318 si
75 255 200 335 aliquod
215 269 400 337 preceptum
413 258 501 338 plura
508 259 662 337 praecipiat
675 268 824 337 tanquam,
838 270 947 339 partes,

39 336 116 415 quiri
130 337 221 396 debet
235 343 295 417 qut
309 349 395 419 purte
406 350 589 418 praeceptnm
601 341 640 399 sit
653 339 806 411 violatum,
822 361 848 398 v.
863 362 894 420 g,
917 342 950 400 in

39 417 127 495 junio,
151 437 190 475 an
203 419 319 478 edendo
332 419 414 479 cibos
427 419 545 488 vetitos,
567 439 605 477 an
627 419 765 498 pluribus
779 418 948 480 refectioni-

39 516 70 567 rs,
81 519 119 557 an
133 498 344 576 praeveniendo
357 510 475 578 tempus
488 498 697 571 meridianum,
725 511 781 559 etc.
824 501 861 558 In
886 501 949 559 vio·

39 577 113 638 tione
128 579 222 649 Festi,
247 599 285 638 an
298 579 462 639 laborando
480 579 635 652 serviliter,
661 600 699 639 an
721 601 782 639 non
800 579 950 639 audiendo

39 676 139 730 rerum,
154 668 210 718 etc.

46 735 86 796 4⁰.
98 738 209 798 Modus
223 738 306 818 operi
319 737 477 799 intrinsece
499 740 676 819 conjunctus
689 740 820 819 pertinet
830 761 950 819 quoque

39 814 131 877 lhanc
145 819 404 891 circumstantiam,
425 831 455 879 et
479 822 554 898 saepe
568 821 697 900 speciem
717 832 835 882 mutat:
864 822 905 879 ita
919 822 951 879 in

39 908 88 956 nto
102 898 243 957 violentia
255 899 398 978 injuriosa
412 899 533 959 domiuo
543 901 695 960 constituit
709 903 864 980 rapinam:
886 901 950 960 vio-

39 978 97 1036 ntia
109 979 192 1038 illata
201 979 319 1037 mulieri
332 980 417 1039 addit
428 980 617 1040 fornicationi
634 981 776 1042 malitiam
787 981 950 1061 injustitiae,

39 1057 121 1117 :facit
135 1070 282 1137 stuprum,
295 1070 352 1120 etc.

53 1139 120 1198 Huc
134 1140 221 1198 etiam
237 1149 350 1218 spectat
358 1161 483 1220 peccare
489 1162 526 1200 ex
535 1152 707 1220 contemptu
722 1143 849 1214 formali,
871 1142 950 1221 odio,

39 1217 129 1288 mdia,
139 1230 194 1278 etc.
236 1219 346 1281 Modus
359 1223 432 1281 facit
445 1221 606 1301 aliquando
618 1233 739 1300 peccata
751 1222 879 1282 luxuriae
888 1242 952 1282 esse

39 1309 111 1357 ntra
123 1311 269 1359 naturam.

90 1381 128 1438 N.
143 1387 191 1440 80.
224 1382 282 1442 DE
304 1381 657 1443 CIRCUMSTANTIA
683 1382 871 1450 QUANDO.

39 1534 176 1609 {Quando
189 1539 321 1621 importat
343 1541 407 1614 duo,
451 1541 492 1599 II.
507 1540 616 1617 Nempe
635 1542 793 1621 qualitatem
807 1546 950 1621 temporie:

39 1617 379 1701 ,unamquamque
405 1629 445 1681 eet
469 1621 679 1680 circumstantia
703 1621 840 1681 mortalia.
896 1623 951 1699 ils„

61 1695 202 1778 Significat
226 1699 308 1757 etiam
333 1699 465 1780 temporis
478 1699 669 1779 quantitatem.
712 1700 748 1757 V.
774 1699 845 1765 Quae
858 1703 953 1781 expri-

39 1828 50 1851 ,.
60 1780 149 1837 menda
163 1777 193 1834 in
202 1781 329 1857 pecatis
342 1777 467 1838 internis.
508 1779 563 1836 Vl.
579 1779 644 1837 Non
654 1788 718 1837 aunt
732 1779 824 1838 eadem
839 1801 954 1840 manere

61 1853 81 1912 iu
99 1857 203 1938 affectu
213 1859 336 1936 peccati,
345 1865 371 1914 et
379 1876 491 1917 manere
504 1857 534 1916 iu
547 1856 685 1915 habituali
693 1865 815 1936 peccato.
1035 1858 1038 1865 '

39 1962 160 2123 {QUID
169 2017 347 2094 importatur
359 2038 413 2096 per
427 2015 673 2078 circumstantiam
683 2023 703 2050 “
714 2017 834 2094 quando
844 2019 896 2088 ?5”

59 2088 77 2152 1.
89 2097 123 2155 R.
140 2097 217 2156 Haec
231 2097 301 2170 duo,
315 2099 442 2178 qualitas
453 2096 606 2174 temporis,
628 2106 658 2155 et
672 2097 820 2175 quantitas
840 2108 954 2176 tempo·

39 2140 64 2241 l,
75 2195 127 2235 seu
148 2176 277 2239 duratio.
572 2199 575 2203 ’
645 2182 647 2187 ’

39 2300 41 2311 .
55 2254 183 2334 assigna
196 2257 305 2318 similes
317 2258 461 2338 temporis
473 2257 630 2338 qualitates
654 2279 706 2318 seu
721 2258 914 2319 conditiones.

53 2330 94 2396 ΙΙ.
109 2340 145 2397 R.
162 2337 323 2416 Praecipnae
337 2351 416 2410 sunt,
425 2339 505 2418 quud
516 2340 553 2397 sit
564 2338 627 2398 dies
636 2340 812 2400 Dominicus
820 2340 868 2398 vel
884 2341 955 2398 Fes-

39 2425 98 2486 ¹tus,
112 2428 167 2480 aut
181 2418 244 2476 dies
254 2419 375 2499 jejunii3
388 2431 418 2479 et
431 2420 553 2498 quidem
567 2420 693 2497 qualitas
707 2421 767 2478 diei
790 2420 955 2478 Dominicoe

39 2502 63 2551 rt
74 2498 204 2557 Festivae
218 2499 337 2558 videtur
358 2500 495 2559 omnibus
508 2500 637 2577 peccatis
657 2501 831 2559 mortalibus
845 2499 897 2557 tali
907 2499 957 2558 'die

39 2578 175 2637 *nmissis
185 2578 294 2639 addere
306 2579 458 2652 malitiam,
470 2579 617 2638 ordinarie
631 2580 777 2638 venialem
789 2579 935 2656 sacrilegii
945 2602 956 2652 ς

39 2652 81 2715 tis
90 2658 197 2736 agitur
210 2670 312 2718 eontra
336 2660 527 2720 sanctitatem
541 2659 610 2731 diei,
638 2671 668 2719 et
684 2671 786 2719 contra
799 2660 888 2718 finem
910 2660 957 2718 in-

39 2728 176 2798 lnsecum
194 2739 336 2817 praecepti
351 2738 501 2811 Ecclesiae,
529 2740 582 2819 qui
602 2749 648 2800 est
660 2740 775 2800 vacatio
787 2740 895 2799 mentis
919 2741 958 2799 ad

39 2818 127 2889 ltuna,
142 2828 173 2876 et
187 2819 287 2880 cultus
300 2819 429 2880 divinus·
897 2895 898 2898 Ἰ

48 2899 102 2959 An
116 2897 170 2956 illa
183 2899 403 2960 circumstantia
422 2900 481 2960 diei
506 2901 587 2960 Festi
600 2900 683 2960 addit
702 2901 883 2979 quandoque
895 2919 958 2960 ma-

39 2973 103 3037 iam
119 2979 295 3039 mortalem?

48 3058 112 3117 111.
129 3061 166 3118 R.
182 3060 376 3130 Affirmativd,
388 3061 479 3139 idque
493 3062 610 3120 duobus
624 3061 758 3122 casibus:
781 3061 820 3122 1⁰.
837 3061 962 3140 quando·

39 3154 120 3216 agna
132 3160 203 3216 pars
214 3140 273 3199 diei
284 3142 365 3201 Festi
376 3142 513 3213 violatur,
525 3154 559 3200 ut
568 3143 592 3200 si
600 3143 700 3220 plures
713 3144 794 3202 horae
806 3143 958 3200 insuman-

40 3220 106 3277 tin
129 3219 282 3290 ebrietate,
313 3221 448 3291 libidine,
470 3223 552 3294 rixiS,
576 3233 632 3281 etc.
659 3223 702 3284 2⁰.
718 3224 790 3282 dum
813 3223 844 3280 in
858 3221 959 3298 aliqua

39 3314 118 3379 tgna
126 3298 289 3359 festivitate
301 3313 456 3379 peccatum
465 3303 614 3380 quoddam
623 3323 744 3362 enorme
753 3300 957 3370 committitur,

48 3398 82 3457 g.
95 3379 130 3437 in
156 3381 319 3439 Nativitate
345 3382 480 3452 Domini,
507 3383 581 3442 feria
604 3383 692 3456 sexti-
714 3383 901 3449 Parasceves,
927 3381 959 3438 in

39 3458 233 3531 aschataetc.
256 3462 304 3520 De
317 3461 364 3520 his
377 3462 465 3540 plura
477 3462 509 3520 in
522 3463 623 3522 Tract.
639 3471 660 3498 “
674 3463 721 3520 De
736 3461 898 3538 Legibus.''

46 3538 283 3599 circumstantia
305 3541 366 3600 diei
376 3542 485 3621 jejunii
507 3552 651 3620 aggravat
664 3542 836 3600 ebrietatem
859 3550 889 3599 et
902 3539 960 3600 alia

39 3628 135 3679 meam
144 3618 382 3698 intemperantia
396 3645 403 3682 ε
430 3620 501 3698 quia
513 3642 567 3699 per
580 3621 631 3681 illa
645 3621 744 3698 agitur
758 3621 960 3681 contrafinem

40 3698 210 3761 trinsecum
232 3699 350 3787 jejunii,
387 3702 439 3780 qui
463 3711 507 3759 est
530 3703 688 3787 maceratio
711 3701 811 3763 earnis
836 3701 966 3781 eiusque

365 3835 367 3839 .
463 3789 517 3844 22
