2152 4066
69 84 136 149 284
349 140 352 147 .
437 108 638 154 reserares
732 74 737 89 ⁸

110 259 160 316 An
174 268 235 316 una'
247 258 411 337 eademque
423 271 469 320 est
481 262 599 320 bonitas
611 271 663 319 aut
676 258 790 318 malitia
799 255 886 319 aetus
897 257 934 316 in*

70 337 110 396 ris
125 349 156 396 et
168 339 345 400 exterioris?

111 419 154 478 ΙΙ.
180 417 213 474 R.
228 418 428 482 Affirmative:
450 421 529 501 quia,
554 421 624 482 licet
643 420 769 499 physice
788 419 934 480 cousiderr

68 510 152 558 actus
172 499 310 559 internus
321 511 352 559 et
364 513 504 561 externus
518 503 578 560 sint
591 501 652 559 duo
665 511 759 571 actus,
777 500 900 579 proprie
919 513 934 557 t

69 598 129 637 non
141 579 327 640 constituunt
335 583 392 640 nisi
402 602 497 641 uuum
511 586 541 641 et
554 580 692 640 eumdem
703 591 804 640 actum
814 579 934 639 moraler

70 659 158 719 docet
171 659 201 717 S.
213 660 391 739 Th.‚quast
403 671 448 730 17.
457 673 512 721 art.
524 670 551 722 tt
563 672 594 721 et
607 673 712 739 quast.
721 668 770 720 20.
782 671 814 720 et
828 660 934 720 itavolr

70 740 201 810 furandi,
222 751 252 798 et
271 744 398 801 exterior
418 743 528 802 ablatio
546 743 590 801 rei
610 742 713 801 alienae
726 743 772 801 'ab
791 740 844 800 illa
863 740 933 798 volu

69 821 234 898 procedens
248 823 433 882 constituunt
446 843 537 882 uuum
551 835 652 883 actum
664 822 806 882 moralem
820 821 903 880 t'urti.

112 901 172 960 lll.
185 902 216 960 si
228 902 295 979 quis
304 914 404 962 tamen
413 904 509 982 primo
517 905 590 963 velit
598 924 627 967 v.
638 923 668 980 g.
679 903 781 971 furari,
789 912 898 979 etpost
907 922 934 958 vr

70 981 139 1040 tatis
152 981 233 1040 illius
245 982 492 1062 interruptionem
509 985 624 1043 furtum
638 983 813 1052 committat,
834 991 907 1040 tuuc
924 1001 934 1040 c

70 1060 132 1119 duo
143 1072 228 1120 actus
240 1063 366 1122 morales
378 1084 504 1123 numero
517 1063 650 1123 distincti
661 1086 671 1136 3
685 1063 756 1140 quia
762 1064 893 1122 iteratur
906 1082 934 1120 v(

68 1143 137 1199 tatis
157 1151 259 1215 actus;
280 1140 325 1200 ita
342 1155 377 1204 ut
396 1145 506 1206 ablatio
524 1146 569 1204 rei
587 1144 692 1203 alienae
709 1142 871 1202 constituat
890 1161 934 1218 qu

68 1241 162 1279 unum
176 1232 275 1280 actum
289 1225 430 1284 moralem
443 1246 512 1286 cum
525 1225 677 1292 voluntate
697 1222 828 1292 furandi,
852 1243 919 1300 qua

69 1300 204 1372 habetur,
219 1303 340 1379 quaudo
351 1325 401 1364 res
412 1305 508 1366 aliena
518 1306 662 1374 aufertur,
682 1303 734 1362 sed
747 1322 809 1361 uon
822 1322 891 1361 cum
905 1323 933 1361 v<

68 1389 129 1440 tate
142 1382 262 1441 furandi
273 1385 372 1462 primo
383 1386 486 1446 habita
498 1397 529 1446 et
540 1386 718 1462 interrupta.

110 1464 161 1522 An
172 1473 256 1520 actus
269 1467 396 1524 exterior
407 1465 580 1545 superaddit
587 1464 701 1543 aliquid
711 1463 852 1522 bonitatis
861 1472 913 1522 aut
925 1483 933 1520 r

69 1543 118 1601 tia
132 1541 211 1602 actui
225 1543 359 1604 interiori
371 1547 481 1606 efficaci
493 1552 507 1608 i

111 1624 164 1680 lV.
187 1624 224 1682 R.
239 1626 333 1682 Actus
353 1627 489 1698 exterior,
509 1639 600 1707 prout
618 1635 663 1684 est
676 1643 757 1682 mera
777 1623 915 1683 executio

69 1701 228 1772 interioris,
249 1722 302 1779 per
316 1724 347 1764 se
360 1725 421 1764 non
441 1706 615 1786 superaddit
633 1704 795 1764 bonitatem
811 1705 859 1763 vel
874 1703 931 1761 mal

69 1780 223 1840 formalem
244 1786 323 1843 actui
343 1787 475 1846 interiori
498 1785 629 1857 efficaci;
654 1772 779 1863 broinde
802 1785 854 1860 qui
880 1803 933 1842 con

69 1863 252 1922 voluntatem
263 1865 408 1926 efficacem
417 1868 548 1937 furandi,
557 1865 670 1944 aquale
679 1884 777 1924 coram
783 1865 847 1922 Deo
858 1884 932 1942 pecc

69 1941 235 2013 committit,
251 1965 284 2002 ac
299 1947 323 2004 si
333 1948 430 2025 reipsd
445 1968 482 2007 ex
495 1948 548 2006 illa
561 1947 713 2004 voluntate
726 1945 841 2004 furatus
851 1945 933 2002 fuiss«

110 2023 256 2081 Probatur
271 2047 307 2085 ex
317 2028 425 2087 Genea.
436 2049 498 2107 cap.
509 2037 558 2088 22.
573 2047 601 2085 v.
616 2026 662 2085 16.
672 2025 724 2083 ubi
737 2026 821 2084 Deus
835 2024 933 2083 dicitl

68 2103 157 2163 ham:
180 2102 289 2174 “Quia
304 2108 402 2168 iecisti
415 2110 493 2168 hauc
506 2128 578 2176 rem,
597 2116 627 2164 et
640 2124 700 2164 non
713 2105 873 2184 pepercisti
888 2105 933 2161 fili

70 2190 91 2216 “
102 2183 257 2261 unigenito
266 2199 391 2266 propter
401 2192 478 2257 me,”
488 2201 544 2247 etc.
561 2189 601 2246 Et
610 2197 710 2245 tamen
724 2186 876 2244 Abraham
888 2185 926 2242 de

70 2263 165 2321 filium
180 2283 264 2322 suum
285 2288 344 2326 non
365 2270 579 2337 immolaverat,
601 2266 654 2325 sed
673 2265 818 2325 habuerat
832 2264 933 2322 volunt

71 2343 236 2402 absolutam
257 2347 334 2405 illud
355 2348 493 2408 faciendi.
556 2345 665 2406 Matth.
690 2365 755 2423 cap.
772 2353 799 2403 5.
825 2366 853 2404 v.
869 2352 918 2403 28.

71 2422 224 2484 Christus:
252 2428 386 2487 “Omnis
401 2431 453 2506 qui
467 2427 577 2487 viderit
590 2425 743 2484 mulierem
755 2425 792 2482 ad
803 2423 930 2501 concupi

70 2509 91 2536 “
102 2503 171 2562 dam
185 2525 259 2577 eam,
281 2508 344 2586 jam
359 2510 519 2569 moechatus
534 2517 578 2567 est
592 2526 654 2565 caru
670 2505 702 2563 in
716 2505 805 2564 corde
819 2526 874 2565 suo
885 2509 912 2564 :''

71 2593 126 2641 etc.

113 2664 162 2723 Sic
177 2668 264 2725 etiam
279 2669 384 2729 melitis
397 2671 588 2730 verificantur
602 2667 754 2726 sententiae
774 2686 932 2724 commune

74 2744 204 2814 Petrum,
219 2758 254 2805 ut
265 2749 330 2808 haec
344 2753 372 2811 S.
386 2751 550 2811 Bernardi:
565 2745 679 2822 “Quid
692 2747 819 2824 planius,
834 2747 925 2822 quim

72 2829 92 2855 “
107 2823 244 2885 voluntas
254 2831 397 2906 profacto
406 2841 573 2911 reputetur,
584 2829 638 2888 ubi
648 2826 760 2886 factum
771 2824 906 2884 excludit
915 2845 933 2882 n

73 2909 92 2934 “
106 2903 203 2961 situs.''
256 2909 331 2968 Item
350 2912 418 2972 hec
443 2914 473 2972 S.
494 2909 654 2989 Gregorii:
687 2908 803 2967 “Deus
826 2905 931 2964 attend

73 2989 93 3015 “
108 2994 229 3061 quanto,
242 3007 304 3047 non
318 3002 463 3069 quantum
477 2991 593 3050 detur.''

112 3064 258 3125 Probatur
266 3072 379 3130 etiami
389 3071 518 3131 ratione:
530 3070 601 3148 quia
610 3069 689 3129 actui
696 3078 818 3127 externo
828 3083 890 3125 uon
900 3084 932 3122 co

71 3141 108 3200 tit
121 3144 237 3206 bonitas
248 3144 299 3208 aut
312 3153 424 3211 malitia
436 3151 568 3210 formalis
580 3149 720 3209 distincta
730 3149 768 3206 ab
778 3168 821 3218 ea,
837 3165 931 3225 quoee

70 3226 119 3281 tlts
132 3225 300 3301 interioris;
326 3245 409 3292 actus
430 3233 509 3290 enim
523 3231 651 3289 exterior
663 3229 777 3287 nullam
791 3228 882 3286 habet
895 3225 932 3284 lil

71 3314 131 3362 tem
146 3318 198 3365 aut
211 3310 466 3373 voluntareitatem
478 3332 516 3371 ex
530 3331 570 3382 se,
595 3310 648 3369 sed
670 3309 761 3368 solirm
775 3308 851 3367 liber
865 3318 897 3367 et
910 3326 932 3364 v·

71 3383 162 3442 tarius
177 3400 221 3447 est
235 3390 328 3450 libero
342 3405 372 3452 et
383 3392 550 3452 voluntario
563 3393 646 3450 actus
659 3389 778 3448 interni.

111 3462 183 3554 (ij.
206 3471 231 3526 l.
254 3471 408 3551 susceptio
418 3484 539 3533 externa
549 3491 601 3530 seu
608 3470 696 3530 realis
707 3465 889 3528 sacramenti
901 3484 932 3524 co

70 3550 331 3623 maJoreseffectus,
342 3559 430 3631 quinu
437 3551 639 3612 sclavoluutas
645 3548 825 3627 suscipiendi
834 3571 842 3607 ι
852 3565 932 3623 ergo,

91 3624 128 3680 V.
141 3625 176 3680 R.
188 3627 216 3682 N
219 3649 264 3706 eg.
276 3652 392 3712 conseq.
400 3633 564 3712 quddeuim
573 3631 721 3708 susceptio
730 3629 816 3688 realis
828 3629 932 3685 Sacrao

69 3701 202 3762 conferat
215 3711 342 3787 majores
356 3715 487 3783 effectus,
498 3716 586 3791 quam
602 3712 664 3771 sola
673 3706 853 3786 suscipiendi
865 3706 932 3764 volu

69 3785 207 3861 provenit
228 3809 264 3847 ex
286 3795 406 3869 speciali
425 3793 584 3872 privilegio
598 3791 719 3861 Christi,
740 3808 800 3847 non
815 3789 883 3845 vere
896 3804 932 3843 ra⁴

59 3864 182 3944 majoris
194 3868 263 3930 boni
266 3873 333 3932 tatis
336 3899 346 3950 ,-
360 3874 500 3936 voluntas·
509 3873 590 3934 euim
598 3873 701 3930 efficax
710 3867 932 3944 suscipiendus
