2160 4072
285 39 331 81 DE
354 39 551 84 CBBA’HONB
573 40 697 85 sturm.
902 39 964 86 Ιῦῡ

50 179 123 242 ·1v.
148 181 269 247 Tertius·
278 194 325 245 est
337 192 431 244 status
444 196 557 245 natura
570 198 724 264 repar-atre,
733 183 792 267 'qui
805 197 851 246 est
863 188 966 246 'condi-

76 272 192 335 naturas
205 261 409 342 humanaper
424 266 574 326 Christum
588 267 621 324 in
634 267 760 345 gratiam
780 277 812 325 et
820 267 972 347 justitiam·

88 341 181 402 ‘tusa
224 345 261 401 ln
275 344 332 404 hoo
346 357 421 405 statu
435 348 651 405 sunthomines
662 347 746 425 justi.
909 343 913 353 '

68 421 107 482 V.
119 421 255 495 Quartus
269 432 360 485 status
379 426 488 485 futurae
502 429 580 494 vitm,
602 436 647 486 est
660 437 753 486 status
772 427 966 487 beatitudinis

76 501 168 572 coelo,
191 504 242 562 vel
254 504 448 566 damnationis
458 508 488 565 in
503 508 629 567 inferno.

72 581 111 641 Hi
122 595 253 661 quatuor
268 595 361 647 status
384 588 480 664 reipsa
494 589 656 647 extiterunt
670 586 719 645 vel
739 588 803 666 jam
818 587 972 647 existunt:

101 677 260 742 sequentes
279 685 434 745 nunquam
448 669 610 727 extiterunt
623 668 672 727 vel
686 669 824 740 existent,
840 667 893 726 sed
904 679 969 726 tan·

74 804 78 809 ,
106 756 176 803 sunt
189 746 380 824 supposititii.

74 818 122 882 vl.
149 826 283 898 Quintus
310 839 403 888 status
429 839 543 888 naturas
564 829 688 906 integra
709 828 828 896 dicitur,
849 827 881 885 in
910 847 971 909 quo

99 908 305 984 osupponitur
315 929 382 968 esse
395 910 459 968 sine
468 921 590 986 peccato
600 921 630 968 et
640 929 742 967 carens
755 909 851 987 gratit
873 908 972 966 donis·

98 987 385 1063 supernaturalibus,
398 990 542 1067 prauitas
556 1003 655 1049 tamen
680 989 766 1047 donis
786 988 973 1047 naturalibus

80 1063 236 1127 virtutibus
250 1070 423 1140 moralibus,
437 1089 538 1129 amans
553 1072 652 1129 Deum
667 1081 701 1128 ut
712 1069 867 1128 authorem
885 1081 973 1129 natu-

74 1183 83 1209 ,
97 1143 161 1204 sine
174 1147 338 1208 rebellione
351 1152 448 1210 carnis
471 1151 596 1229 aliisque
609 1151 745 1218 miseriis,
769 1150 810 1206 ita
825 1160 859 1208 ut
873 1148 905 1207 in
920 1149 972 1207 illo

78 1231 106 1280 tu
119 1225 229 1287 fuisset
253 1229 339 1307 vigor
362 1231 483 1309 quidam
507 1231 651 1290 naturalis
664 1231 795 1308 perfecte
811 1229 973 1309 subjiciens

77 1321 104 1361 es
115 1306 274 1373 inferiores
287 1311 403 1382 rationi,
417 1323 447 1370 et
461 1331 569 1389 corpus
583 1309 696 1369 auimoe.

53 1383 179 1455 ..Differt
203 1388 254 1451 hic
268 1391 393 1450 statusd
413 1403 492 1451 statu
506 1390 692 1462 innocentia,
715 1390 796 1468 qudd
819 1409 880 1448 non
894 1388 975 1448 ordi·

58 1526 61 1531 .
134 1467 289 1529 hominem
303 1470 342 1530 ed
355 1472 457 1530 Deum
469 1484 505 1531 ut
517 1473 673 1531 authorem
689 1471 973 1548 supernaturalium,

92 1546 259 1626 privilegia
281 1550 510 1612 immortalitatis
534 1553 651 1631 aliaque
664 1552 825 1611 habuisset.
868 1549 975 1608 Homi-

107 1627 142 1685 in
155 1627 215 1689 hoc
226 1640 304 1690 statu
315 1632 403 1691 condi
415 1634 557 1710 potuisse,
571 1632 689 1691 nullum
704 1632 823 1692 videtur
837 1631 974 1690 dubium.

45 1704 150 1853 9211
154 1710 266 1850 ggxtus
279 1721 372 1772 status
385 1723 507 1772 vocatur
520 1725 634 1773 naturae
646 1734 740 1792 pura,
763 1712 801 1771 de
815 1728 875 1790 quo
887 1713 976 1770 Num.

166 1953 207 2011 N
222 1961 270 2023 98.
305 1954 364 2013 DE
386 1955 524 2015 STATU
549 1952 851 2013 INNOCENTIAE.·
885 1992 892 2013 .

45 2110 169 2172 ·'Homo
179 2111 271 2190 potuit
285 2111 394 2174 institui
410 2113 595 2192 riuejustits'ri
607 2112 751 2193 originali.
775 2111 819 2171 11.
833 2110 977 2172 Naturale

118 2190 125 2203 ’
384 2194 465 2251 vorle*
478 2193 626 2272 accipitur.

70 2349 250 2410 STATUM
264 2350 440 2411 innocentiae
464 2373 527 2410 esse
541 2364 647 2411 statum
672 2351 797 2430 justitioe
814 2349 976 2427 originalis

45 2445 62 2485 n
77 2449 139 2507 quo
149 2430 241 2507 primi
250 2443 387 2508 parentes
396 2434 490 2493 nostri
499 2434 609 2493 conditi
621 2444 698 2501 sunt,
711 2438 869 2491 constater
881 2431 919 2486 N.
929 2439 977 2498 95.

75 2514 126 2568 An
140 2513 227 2568 Deus
240 2510 390 2573 hominem
408 2513 472 2572 sine
495 2514 610 2591 justitiis
636 2512 775 2590 originali
798 2509 978 2569 constituere

45 2591 159 2651 uruit?
419 2638 422 2643 .
462 2640 465 2645 .
732 2626 750 2641 -,
928 2598 931 2605 ’

73 2671 98 2727 l.
111 2672 145 2729 ll.
158 2671 212 2750 Baj
217 2691 260 2738 us,
268 2682 299 2729 et
308 2685 375 2748 post
382 2673 505 2751 ipsumJ
508 2673 644 2732 ausanius
650 2673 826 2741 docuerunt,
832 2670 979 2749 justitiam

45 2749 212 2828 niginalem
227 2752 318 2810 fuisse
332 2752 444 2810 homini
458 2753 623 2812 naturalem
637 2764 668 2811 et
681 2753 808 2811 debitam
821 2750 980 2829 31adeoque

45 2830 97 2888 sine
111 2830 166 2889 illa
187 2831 338 2890 hominem
352 2833 469 2896 institui
480 2855 541 2893 non
553 2834 687 2911 potuisse
698 2856 707 2904 ς
736 2831 840 2890 verum
863 2841 979 2889 contra-

45 2908 112 2967 ium
127 2921 242 2971 certum
257 2923 302 2973 ast
314 2924 384 2990 post
394 2915 605 2972 condemnatus
619 2914 715 2971 uarias
738 2913 802 2992 Baji
817 2931 906 2988 super
924 2911 980 2970 hac

45 3008 68 3047 re
80 2991 308 3069 propositiones,
322 3013 448 3071 quarum
464 2995 605 3067 vigesima
619 3004 702 3052 sexta
716 2993 757 3050 sic
771 3002 873 3052 sonat:
896 3000 916 3027 “
928 2992 981 3051 In-

45 3077 57 3100 '‘
70 3073 195 3148 tegritas
204 3073 308 3148 prima
318 3066 477 3132 »creationis
491 3075 621 3132 nonfuit
634 3073 767 3132 indebita
782 3073 921 3134 humana
928 3090 980 3128 na·

45 3156 147 3213 “turae
159 3151 310 3221 exaltatio,
322 3154 374 3212 sed
387 3154 531 3213 naturalis
545 3155 610 3233 ejus
621 3154 778 3213 conditio.”

77 3232 252 3297 Notandum
264 3232 343 3292 circa
351 3235 573 3312 propositiones
585 3235 719 3313 Bajanas,
740 3232 821 3310 qudd
835 3231 982 3289 damnatas

45 3311 96 3371 tint
109 3319 131 3345 “
145 3312 183 3371 In
196 3312 297 3390 rigore
311 3328 341 3372 et
350 3316 472 3392 proprio
481 3317 639 3374 verborum
654 3334 741 3373 sensu
752 3314 790 3371 ab
802 3310 980 3369 authoribus

45 3397 59 3425 ἶ*
69 3390 187 3450 intento
195 3415 206 3464 ;
227 3393 269 3450 ita
283 3405 316 3451 ut
327 3394 471 3452 famosum
483 3403 502 3428 “
515 3397 646 3452 comma”
659 3391 847 3452 retinendum
863 3392 901 3449 sit
910 3403 979 3468 post

45 3472 164 3535 rabor
173 3473 314 3539 sustiueri
328 3477 475 3551 possent,''
490 3475 521 3532 in
537 3476 657 3533 decreto
672 3471 842 3533 Pontificius
874 3491 978 3550 quam-

45 3548 178 3629 “qu'am’'
199 3551 307 3633 (verba
316 3553 443 3634 decreti)
472 3563 491 3588 “
506 3574 566 3612 non
579 3555 663 3613 n'ullo
675 3554 776 3630 aliquo
789 3563 877 3629 pacto
890 3549 978 3610 susd-

45 3636 60 3662 “
70 3631 136 3689 neri
143 3635 294 3710 possent,''
304 3634 417 3692 scilicet
427 3636 460 3692 in
470 3635 528 3693 alio
540 3655 630 3694 sensu
637 3654 701 3694 non
712 3635 841 3714 barano,
852 3641 872 3666 “
881 3632 987 3711 rigore

45 3718 60 3744 ¹¹
71 3720 101 3766 et
108 3712 236 3788 proprio
250 3713 407 3772 verborum
423 3736 531 3790 sensu3
544 3718 619 3778 etc.”

474 3809 527 3861 ΝΞ
