2160 4072
249 111 295 156 ou
313 111 456 157 acrinus
472 112 638 157 uuuaurs.
859 92 925 177 att)

53 255 150 315 uillis
162 256 304 326 materiis,
318 277 386 335 quar
398 254 563 334 specialiter
578 275 681 315 eorum
698 254 858 319 conditioni
874 275 919 315 re·

53 345 131 395 rant:
156 336 198 395 sic
212 336 353 406 famulus,
379 336 433 414 qui
455 335 573 395 furatur
595 355 642 394 res
664 335 721 399 sibi
741 335 921 406 commissas,

53 417 94 475 ius
105 426 229 495 peccat:
246 417 316 494 quia
329 416 417 475 etiam
432 426 535 477 contra
545 415 717 479 fidelitatem
731 416 812 495 agit:
831 416 920 475 Paro·

58 517 183 575 quoque
197 507 301 555 contra
315 497 462 575 justitiam
474 505 588 574 peccat,
617 496 641 555 si
655 495 719 557 suis
731 495 920 557 Parochisnis

53 589 168 637 amenta
181 596 242 635 non
251 577 408 648 ministret,
419 576 492 635 dum
506 597 540 637 ea
553 575 768 637 rationabiliter
781 587 899 653 petunt.

53 658 70 716 l.
85 657 228 736 Dignitas
242 678 361 735 quoque
380 677 513 735 personae
522 657 672 735 peccantis
685 667 799 735 spectat
810 656 849 717 ad
864 657 921 721 cir·

53 739 184 797 stantiam
212 744 232 772 “
246 738 341 816 quis‚''
360 758 397 796 ex
424 757 484 815 qua
505 737 662 815 aggravari
685 736 780 797 solent
800 746 924 815 peccata

53 818 119 888 lali,
133 838 200 895 quae
213 819 468 879 committunturt
485 816 704 895 Superioribus,
733 817 919 887 Parentibus,

53 898 178 976 cipibus,
193 908 249 957 etc
263 898 305 957 ita
319 910 352 956 ut
374 898 533 976 aliquando
547 897 660 957 malitia
671 897 825 961 in'aatitiae
837 917 924 957 acce·

53 977 127 1037 dum
142 977 305 1056 exjustitia
318 978 489 1056 obligantur
512 989 667 1057 peccatum
690 919 812 1039 alterius
825 976 919 1056 impe-

93 1059 176 1118 Hinc
203 1069 339 1136 parentes
358 1060 391 1117 in
412 1059 600 1119 confessione
621 1078 658 1118 ex
680 1059 787 1119 rimam
800 1057 921 1128 debent,

53 1137 240 1197 ‚scandalum
255 1139 393 1199 dederint
416 1139 478 1199 suis
489 1139 634 1217 prolibus,
658 1078 836 1217 inperiores
859 1138 920 1201 suis

55 1220 113 1290 itis,
129 1221 229 1277 Pastor
241 1220 439 1297 parochianis,
461 1231 516 1279 etc.

53 1301 91 1358 [I.
105 1299 157 1359 Ad
171 1299 422 1361 circumstantiam
437 1308 457 1334 “
468 1298 557 1378 quis”
572 1297 852 1360 reduciturhabitus
866 1319 918 1357 seu

53 1379 324 1457 uetudopeccandi,
349 1390 454 1458 estque
475 1380 695 1439 circumstantia
707 1399 872 1457 aggravans
886 1379 924 1437 in
980 1391 984 1397 '

53 1481 78 1517 m
93 1459 191 1536 specie
211 1459 329 1537 singula
341 1472 462 1538 peccata
473 1481 510 1519 ex
523 1457 690 1521 voluntaria
703 1458 920 1521 consuetudine

53 1540 148 1599 nissa:
163 1552 285 1616 peccata
300 1541 379 1603 enim
394 1561 432 1600 ex
441 1540 547 1601 habitu
568 1550 639 1597 sunt
650 1550 772 1617 peccata
788 1558 824 1596 ex
839 1549 918 1597 certa

53 1620 99 1690 tia,
124 1632 159 1679 ut
180 1619 353 1680 dictumest
379 1623 511 1681 Numero
526 1627 563 1681 38
577 1641 586 1678 r
613 1619 720 1679 deinde
734 1618 801 1697 quis
814 1628 918 1697 peccat

53 1704 125 1771 Lnnb,
147 1700 290 1778 quamdiu
317 1702 512 1771 voluntariam
534 1699 776 1759 consuetudinem
799 1698 917 1766 retinet,

57 1782 184 1840 retineat
191 1780 328 1841 affectum
343 1781 487 1860 peccandi
501 1782 538 1839 de
549 1791 665 1850 caetero,
686 1791 721 1839 ut
732 1780 817 1841 latius
831 1779 918 1839 doce·

53 1858 169 1921 lumero
183 1868 232 1920 88.
245 1868 267 1895 “
276 1861 314 1919 de
329 1863 517 1922 Sacrarnento
534 1861 742 1925 Poeuimntiae.''

53 1941 108 2001 [ΙΙ.
122 1941 174 2001 Ad
183 1942 432 2001 circumstantiam
447 1950 467 1975 “
477 1941 561 2019 quis”
574 1941 660 1999 etiam
672 1950 785 2018 spectat
794 1939 918 2016 ingrati·

53 2021 145 2092 ,dum
159 2023 228 2098 quis
239 2032 307 2100 post
316 2022 517 2081 remissionem
530 2031 720 2099 peccatorum
733 2019 875 2079 relabitur
886 2019 918 2077 in

53 2114 98 2162 sta
119 2102 264 2173 mortalia,
288 2123 354 2180 qum
378 2102 563 2179 ingratitudo
582 2098 742 2179 aliquando
761 2098 918 2177 specialem

53 2183 116 2243 tiam
131 2182 285 2255 mortalem
307 2181 490 2261 superaddit.
530 2181 608 2243 Vide
633 2191 651 2215 ‘¹
667 2180 705 2239 de
730 2181 919 2241 Sacramenta

53 2263 214 2322 enitentiae”
229 2264 257 2321 N
260 2283 320 2321 um.
330 2272 378 2323 40.

53 2348 83 2402 ub
98 2343 166 2421 quis
179 2342 273 2420 magis
286 2343 409 2421 indigne
432 2345 620 2403 Sacramenta
633 2342 766 2421 suscipit,
780 2343 813 2399 ed
824 2339 919 2416 magis

53 2434 104 2483 tur
126 2423 159 2480 in
183 2423 286 2481 eadem
306 2425 404 2501 specie
426 2424 538 2482 malitia
551 2423 717 2499 sacrilegii:
736 2421 806 2481 hinc
825 2419 919 2495 magis

53 2514 80 2563 at
91 2504 144 2581 qui
154 2503 339 2563 Sacramenta
349 2505 473 2581 suscipit
480 2504 619 2582 pluribus
627 2501 755 2582 peccatis
764 2500 921 2567 obnoxius,

53 2605 68 2643 u
82 2583 135 2662 qui
145 2583 353 2660 paucioribus;
380 2584 513 2643 similiter
527 2585 621 2660 magis
634 2590 746 2660 peccat,
767 2580 819 2658 qui
833 2578 921 2639 estin
1017 2610 1021 2619 ,

53 2664 85 2724 rli
97 2663 205 2723 affectu
220 2665 342 2741 peccati,
364 2667 451 2743 quim
466 2665 518 2742 qui
532 2663 646 2723 tantum
661 2663 693 2723 in
706 2659 858 2721 habituali.

53 2825 79 2887 6.
122 2823 181 2883 DE
203 2823 556 2972 CIRCUMSZiAJplglA
579 2821 689 2888 QUID
709 2821 765 2883 ET
789 2817 915 2883 CIRCA

53 3063 236 3125 rcumstuntia
256 3066 329 3146 quid
342 3064 475 3144 importat
493 3065 559 3127 tria.
604 3064 646 3123 ll.
669 3061 857 3130 Quantilulem
869 3056 917 3113 ob·

53 3144 91 3215 ’²²⁸2
135 3146 199 3204 111.
218 3142 398 3209 Qrculitatem.
439 3139 839 3209 1V.1tarionemarrim0nit‚
880 3136 919 3194 V.

53 3227 92 3292 si,
134 3225 186 3283 VI.
205 3221 662 3301 Consurgaiuitatisetuffiuitutir,
706 3220 775 3281 Vll.
791 3219 920 3277 Circum·

53 3304 120 3363 urtt'a
135 3305 209 3382 quid
220 3306 303 3365 etiam
317 3305 448 3382 importat
463 3303 577 3382 effectur
589 3299 782 3363 accidentales.

53 3466 127 3527 UID
140 3458 281 3544 importat
294 3464 513 3524 circumstantia
527 3469 547 3496 “
555 3459 650 3536 quid?
663 3465 680 3486 '’

58 3547 93 3605 R.
110 3546 185 3604 Haee
198 3547 265 3615 tria,
276 3544 471 3622 quantitatem
484 3539 603 3621 objecti,
613 3540 787 3618 qualitatem
797 3538 919 3619 objecti,

53 3624 161 3695 lectus,
177 3627 230 3703 qui
243 3647 279 3684 ex
300 3625 415 3684 actione
428 3633 602 3700 sequuntur.

53 3705 232 3777 ‚Quantitas
253 3705 361 3782 objecti
384 3703 576 3782 intelligitur,
598 3720 663 3763 nun
675 3698 857 3768 emunata,
874 3700 935 3757 seb

53 3784 166 3854 mulis,
200 3785 265 3844 siue
296 3805 357 3863 qua
388 3787 547 3867 objectum
573 3783 760 3868 apamiarum
778 3780 956 3843 subsistere
