2160 4072
253 393 698 582 TRACTATUS

363 807 436 871 DE
471 807 592 873 ΠΕΟ.

280 1088 501 1167 QUAESTIO
524 1089 678 1156 UNICA

147 1373 187 1411 ur
209 1372 392 1412 nnuouoora
414 1371 455 1412 ur
478 1371 567 1412 Locls
589 1364 811 1415 nunonoorcrs.

316 1600 628 1616 §fid-m

88 1751 117 1807 N.
141 1761 165 1810 l.
210 1752 268 1810 DE
295 1751 589 1812 DEFINITIONE
613 1752 894 1852 THEoLpolm

47 1899 57 1958 l·
70 1909 187 1977 Definitio
216 1911 383 1988 Theolagioe.
401 1911 445 1970 ΙΙ.
467 1910 620 1970 Dividitur
636 1911 665 1969 in
683 1911 865 1991 positivam
889 1913 951 1973 Ill.

66 1988 272 2056 Sclolonicarn;
314 1992 369 2052 IV.
399 2001 426 2064 at
452 1990 591 2049 moralem.
632 1990 670 2049 V.
691 1990 806 2050 Divisio
839 2012 954 2067 ramma

67 2066 209 2148 Theologiae
228 2070 260 2128 S.
279 2070 399 2130 Tlomoe.
441 2068 497 2127 VI.
516 2069 635 2148 Triplex
649 2069 826 2129 certitudinis
833 2071 953 2150 gradun

64 2289 157 2362 QUID
177 2305 225 2353 est
245 2293 430 2372 Theologia?

65 2370 83 2430 l.
95 2375 128 2432 R.
142 2374 336 2434 Est-scientia
347 2376 387 2434 de
404 2375 471 2432 Deo
484 2375 634 2453 rebusque
648 2374 759 2435 divinis
771 2396 827 2454 per
838 2375 954 2434 revela·

47 2444 123 2535 ionem
136 2456 265 2514 mediate
279 2467 409 2534 accepta.

64 2533 154 2614 ltaque
163 2546 209 2594 eet
220 2536 341 2594 habitus
356 2535 443 2594 afide
451 2535 620 2606 distinctus,
635 2537 687 2614 qui
697 2537 800 2596 labore
810 2545 841 2594 et
855 2534 954 2594 studio

47 2611 155 2703 {dinarii
171 2616 348 2697 acquiritur,
363 2616 457 2694 etqui
470 2635 507 2673 ex
523 2615 590 2674 fidei
600 2617 758 2696 principiis
766 2637 821 2696 per
831 2615 954 2691 rationis
986 2652 988 2658 ι

47 2708 176 2756 nmmum
192 2714 262 2755 suas
277 2697 481 2756 conclusiones
496 2697 626 2756 deducit.
730 2740 731 2743 η
921 2718 924 2723 ·

58 2773 216 2855 ³Objectum
239 2777 413 2855 Theologiae
438 2776 613 2854 primarium
634 2787 679 2837 est
705 2779 789 2836 Deus
800 2801 810 2850 3
839 2786 954 2848 catera,

47 2870 85 2925 lle
94 2857 185 2916 in-illa
193 2868 372 2926 tractantur,
384 2858 495 2915 habent
504 2859 646 2916 rationem
657 2859 766 2938 objecti
779 2857 954 2927 secundarii,

47 2944 202 3010 tonantum
220 2939 397 2996 ordinantur
407 2937 444 2996 ad
460 2938 582 3010 Deum3
597 2939 638 2996 ita
651 2939 682 2996 in
698 2939 864 3016 Theologia
878 2949 956 2996 trac-

47 3019 153 3097 purflde
181 3019 318 3095 Angelis,
349 3019 478 3096 legibus,
497 3019 638 3095 peccatis,
660 3022 713 3078 &c
735 3020 806 3097 quia
820 3017 957 3098 ordinem

47 3093 124 3156 hbent
137 3098 175 3157 ad
186 3099 288 3156 Deum
301 3102 484 3167 Creatorem,
498 3099 724 3176 Legislatorem.
740 3100 890 3169 Judicem,
901 3101 957 3158 &c

49 3172 99 3233 ³11.
118 3178 284 3256 Theologia
298 3180 457 3256 tripliciter
471 3177 567 3238 dividi
583 3180 667 3251 solet,
682 3186 789 3259 nempe
801 3180 835 3238 in
848 3177 955 3259 positi-

47 3258 95 3325 lm,
105 3278 170 3336 quae
183 3270 320 3317 versatur
334 3260 413 3318 circa
426 3259 524 3337 prima
534 3261 692 3339 principia,
716 3255 953 3330 articuloulidei,

47 3333 194 3409 annones,
206 3340 395 3398 definitiones
407 3338 618 3411 Conciliorum,
632 3344 686 3400 &c
697 3339 749 3397 illa
757 3338 954 3419 penetrando,

47 3404 127 3477 l'la'ltis
141 3420 348 3490 discernendo,
363 3420 516 3478 reddendo
529 3420 683 3480 evidenter
698 3420 861 3490 credibilia,
872 3423 926 3479 &a

47 3498 55 3565 ζ’
66 3493 117 3556 'lll
138 3501 173 3558 In
187 3501 404 3572 scholasticam,
418 3520 486 3579 quae
496 3518 533 3559 ex
546 3501 605 3559 illis
619 3497 776 3580 principiis
787 3502 955 3559 discurren-

47 3566 207 3641 un»deducit
219 3581 425 3640 conclusiones
437 3601 521 3640 more
531 3581 700 3654 dialectico,
715 3601 777 3662 quo
792 3581 968 3662 etiarn'ipae

47 3648 146 3716 Clonus
158 3681 229 3717 usus
242 3672 295 3730 est,
314 3664 397 3720 Matr.
414 3681 479 3741 cap.
498 3670 545 3723 12.
555 3667 659 3748 magis
674 3665 731 3727 illa
743 3666 886 3729 invaluit
898 3665 987 3725 cuca

62 3727 132 3790 srael.
145 3737 182 3792 de
190 3736 261 3794 Deo.
341 3786 346 3796 .
483 3764 504 3804 n
