2160 4072
141 152 144 159 ,
246 107 292 151 nc
314 108 458 153 acrinus
480 109 673 155 nonanis·
853 90 919 157 Μ

43 249 96 310 alo
105 273 117 324 ς
126 251 192 330 jem
205 262 305 312 avitam
315 253 541 315 fomicationem
549 274 614 315 esse
626 264 793 333 peccatum,
807 259 922 315 mmoti

43 352 83 391 m
97 331 266 392 deducitur
275 352 313 392 ex
325 336 481 414 principiis
491 336 570 414 juris
579 346 693 395 naturae
704 355 713 392 ε
728 345 760 393 et
770 334 918 413 Theologi

43 432 93 471 rm
102 432 171 472 earn
181 412 245 491 juri
251 423 366 474 natura
375 435 435 474 non
449 416 598 475 adversari
611 415 787 474 docuerunt
807 414 920 475 Simili.

43 492 171 569 nodlib.
187 501 237 554 80.
251 504 306 555 art.
323 503 372 555 13.
381 495 420 555 de
431 497 594 574 questione
604 497 682 555 inter
703 492 874 573 Theologos
888 509 918 556 et

43 583 190 633 stantunc
202 573 328 632 maximi
340 575 529 637 controversa
543 577 625 646 dicit,
641 574 731 654 quid,
755 575 780 634 si
799 586 919 634 senten·

43 673 109 733 pre
123 653 200 713 dicit
217 653 332 713 licitum
356 675 421 716 esse
433 656 544 717 habere
567 658 670 736 plures
683 654 868 734 prebendas,
879 659 919 719 rit

43 778 53 804 ,
76 733 106 792 ir
120 734 174 812 qui
195 752 260 793 eam
285 736 429 814 sequitur,
458 737 563 798 “Cim
588 738 679 796 faciat
702 746 806 795 contra
818 734 917 814 legem

43 813 76 882 ri,
92 832 156 873 non
170 828 328 874 excusatur
340 818 358 874 i
372 827 504 895 peccato,
522 819 659 895 qoimvis
668 837 729 875 non
742 815 833 875 faciat
845 835 917 875 con·

43 916 52 954 ι
77 895 307 967 conscientiam
334 896 377 956 sic
390 899 468 956 enim
491 913 596 958 contra
615 898 713 974 legem
736 897 795 955 Dei
817 896 917 956 facit’'

43 994 49 1031 t
64 974 202 1034 Boudnrt
213 985 298 1034 tract
317 985 360 1036 11.
383 979 452 1036 “de
463 981 570 1038 Cons''
585 977 610 1053 ξ.
625 986 675 1044 27.

43 1072 62 1112 n
80 1074 154 1132 ergo
165 1055 309 1114 confessio
328 1069 373 1116 est
395 1059 548 1137 sacrilega,
572 1059 604 1116 in
625 1078 685 1136 qua
698 1077 736 1116 ex
748 1057 917 1135 ignorantia

43 1134 122 1272 εἶξαι·
132 1135 254 1214 aliquod
265 1149 420 1214 peccatum
438 1140 563 1198 mortale
578 1149 682 1197 contra
690 1138 741 1216 jus
750 1148 875 1208 nsturoe,
887 1158 915 1196 v.

43 1235 59 1272 o
83 1215 172 1274 urio?

43 1338 45 1350 .
77 1296 156 1372 Neg.
176 1297 235 1354 nisi
248 1299 427 1376 neglexisset
440 1321 563 1360 examen
583 1298 779 1368 conscientie,
794 1298 844 1357 vel
855 1299 916 1358 niti

43 1375 129 1434 sisset
148 1376 180 1434 in
201 1377 308 1438 affectu
327 1381 413 1440 istius
426 1382 551 1460 peccati.
593 1380 679 1438 Ratio
700 1389 753 1449 est,
769 1378 852 1456 quid
865 1378 918 1437 ills

43 1457 141 1514 rantia
153 1457 184 1515 in
198 1458 304 1519 ordine
326 1461 365 1519 ad
390 1473 574 1539 praeceptum
601 1458 794 1519 confessionis
820 1459 916 1536 possit

47 1536 260 1613 inculpabilis3
285 1541 356 1618 quia
374 1541 442 1600 talis
455 1552 554 1619 potest
567 1539 781 1598 invincibiliter
790 1557 853 1596 non
866 1556 914 1597 re·

43 1617 88 1673 ari
115 1617 288 1694 pollutionis
309 1621 483 1692 commissa,
509 1641 576 1698 quoe
591 1630 636 1680 est
647 1620 818 1697 ignorantia
831 1617 914 1689 facti,

43 1695 57 1753 i
68 1696 150 1755 illius
160 1698 341 1771 recordetur,
354 1712 453 1780 potest
467 1702 541 1770 fieri,
556 1701 636 1779 quid
649 1701 700 1758 hic
711 1711 831 1759 etnunc
840 1718 872 1757 se
882 1699 915 1757 in

43 1795 166 1836 eccasse
188 1779 400 1840 invincibiliter
423 1782 557 1860 ignoret3
579 1783 642 1860 jam
666 1780 745 1838 enim
767 1800 833 1838 non.
852 1780 917 1858 agit

43 1855 100 1915 tica
127 1858 158 1915 in
180 1861 301 1919 materia
323 1861 402 1940 juris
422 1874 560 1934 naturae3
580 1860 647 1921 crim
666 1880 728 1919 non
748 1873 855 1938 agatur
875 1859 915 1918 de

43 1936 135 1995 itione
148 1941 368 2012 committenda,
393 1943 445 2001 sed
472 1943 569 2002 s'olrim
593 1943 712 2018 ignorat
731 1939 817 2009 illud,
832 1940 915 2018 quod

43 2059 53 2087 ,
69 2035 134 2076 csse
145 2029 312 2097 peccatum,
326 2042 394 2099 quae
406 2021 575 2100 ignorantia
591 2020 707 2080 tantim
720 2031 767 2079 est
779 2019 915 2098 specula·

43 2096 125 2156 circa
131 2099 181 2176 jus
194 2110 317 2173 nature,
330 2113 362 2162 et
374 2122 438 2162 esse
447 2113 545 2180 potest
556 2099 745 2161 invincibilis.

43 2178 194 2247 ntandum,
219 2181 300 2257 qubd
312 2183 345 2242 in
359 2183 418 2241 illis
430 2183 586 2261 principiis
604 2182 653 2240 vel
671 2179 913 2241 conclusionibus

57 2270 182 2329 nature,
197 2258 229 2317 in
243 2262 353 2338 quibus
368 2263 488 2322 Patroni
505 2263 613 2341 prioris
636 2261 788 2320 sententioe
801 2261 914 2320 admit-

46 2337 243 2414 ignorantiam
254 2341 468 2414 invincibilem,
483 2343 601 2402 Patroni
610 2341 748 2402 secundm
758 2341 914 2401 sententia

42 2438 78 2476 us
97 2419 261 2480 concedant
280 2423 476 2500 ignorantiam
492 2425 607 2483 efficere
626 2430 712 2501 posse
733 2421 772 2480 de
793 2420 911 2480 mortali

43 2497 83 2554 sle
97 2510 251 2576 peccatum
263 2523 272 2559 t
293 2503 376 2561 etita
388 2504 421 2560 in
434 2505 520 2582 praxi
533 2503 700 2562 differentia
711 2501 837 2560 istarum
847 2520 914 2559 sen·

43 2597 131 2637 arum
144 2599 204 2638 non
217 2591 262 2639 est
275 2583 350 2641 adeo
363 2584 510 2643 notabilis.

44 2745 72 2797 8.
92 2738 151 2800 DE
167 2742 443 2805 lGNORANTIA
456 2745 502 2802 IN
515 2744 719 2805 DOCENTE
729 2740 908 2802 CONTRA

297 2825 373 2886 JUs
393 2824 591 2887 NATURAE.
826 2872 827 2875 ,

43 2987 101 3038 ata
113 2983 246 3060 quosdam
267 2985 354 3042 datur
374 2984 535 3062 ignorantia
560 2983 732 3046 invincibilis
754 2983 784 3041 iu
798 2984 911 3042 docente

43 3061 136 3195 pppici
149 3065 313 3159 contrajac
336 3073 453 3123 παίωνα.
501 3066 543 3126 11.
564 3067 656 3128 Juxta
678 3063 912 3123 aristionem

43 3295 71 3353 N
81 3296 171 3357 datur
180 3299 348 3377 ignorantia
357 3303 538 3364 invincibilis
548 3303 625 3384 juris
638 3313 765 3370 naturae,
772 3311 910 3379 respectu

43 3377 104 3436 ntis
116 3381 270 3457 practici?

51 3459 87 3517 R.
102 3458 217 3536 Aliqui,
231 3461 309 3523 inter
321 3485 396 3543 quos
411 3465 555 3536 Pauwels‚
566 3463 622 3523 etsi
636 3462 761 3525 doceant
770 3480 832 3520 non
843 3460 909 3521 dari

43 3538 162 3596 rentiam
174 3542 301 3617 practici
311 3545 513 3605 invincibilem
527 3553 664 3622 respectu
677 3541 793 3618 agentis
805 3553 908 3603 contra

43 3628 155 3689 arura,
177 3619 338 3685 admittunt
361 3636 460 3684 tamen
483 3623 679 3702 ignorantiam
702 3621 906 3682 invincibilem

43 3699 235 3788 sctupractici
243 3703 377 3764 docentis
386 3717 492 3766 contra
501 3704 581 3766 illud
590 3727 600 3770 t
608 3702 923 3784 disparitatemaaitnvr

43 3793 74 3833 ’Β
83 3793 131 3845 0⁰»
144 3781 230 3853 quid
240 3803 336 3861 agens
357 3799 467 3848 contra
476 3787 532 3870 jus
545 3798 671 3851 natum
685 3795 778 3869 gerat
787 3781 939 3845 niiw-

401 3887 423 3928 r
448 3880 468 3932 2
