2160 4072
19 13 788 59 -s--—--—-—

71 82 138 183 m
397 144 402 153 .
440 106 644 159 reserares

71 248 284 311 satisfactiones
297 248 500 315 medicinales.
542 252 590 313 De
603 253 651 313 his
672 253 912 336 ampliusque
922 276 947 319 ss

72 327 238 410 Scriptores
251 329 377 393 morales
391 351 481 412 quam
493 332 680 397 Scholastici-

72 490 111 549 N.
127 496 176 557 ⁵8·
198 490 257 557 DE
279 490 548 555 VOLUNTATE
564 493 825 557 IMPERANTE
837 496 921 562 SEU
936 499 947 557 l

254 571 398 635 VENTE
419 574 548 637 ALIAS
570 575 830 643 Portum&

271 730 304 793 S.
323 730 420 793 Tiora
432 743 530 815 quest.
546 742 594 805 17.
607 744 665 823 ort.
686 744 715 805 ὅ.
726 743 825 816 etseq.

75 893 98 952 l.
115 891 188 953 Ante
203 899 347 971 peccatum
364 893 507 975 pleneque
519 897 662 977 potentio,
675 896 761 976 quasi
779 893 917 974 άεεραὶσὲ
934 917 946 959 s

111 978 178 1028 rant
202 970 346 1032 rolrsntols‘.
390 972 432 1031 ll.
460 973 546 1035 Nunc
568 975 711 1054 appetitos
736 976 890 1035 sensilium
910 984 946 1037 tos

114 1052 197 1147 qrurss’
226 1048 341 1129 politice
367 1051 517 1132 subjicitur
539 1053 685 1121 aolunlols‘,
727 1056 788 1115 111.
816 1055 897 1117 Idem
921 1074 946 1113 es

112 1131 263 1202 sutelleclu,
276 1137 432 1199 memoria·
456 1139 507 1195 ele.
549 1132 603 1195 lV.
630 1132 766 1195 Poenooe
784 1133 932 1205 exteriores

114 1218 180 1269 runt
200 1209 336 1271 murrata·
355 1214 438 1293 quusi
456 1212 603 1291 despotice.
646 1213 681 1272 V.
706 1213 875 1291 Vegetots’voe
887 1233 938 1272 nor

111 1298 185 1351 urst.
225 1288 282 1351 Vl.
307 1292 356 1353 Uti
368 1314 453 1374 neque
464 1292 638 1371 operationes
649 1313 789 1359 sensuum.

116 1453 141 1514 1.
158 1450 514 1524 PRAENOTANDUM,
530 1452 612 1533 quid
627 1442 845 1519 voluntassnte
863 1474 945 1532 pecca

97 1531 297 1612 rotoparentis
310 1545 444 1595 moveret
453 1533 613 1613 plerasque
626 1535 776 1612 potentiss
788 1535 920 1597 dominio
932 1556 945 1613 q

75 1555 238 1694 despotico,
252 1613 293 1671 ita
302 1615 379 1675 utin
393 1614 529 1695 appetitu
546 1614 687 1675 sensitivo
701 1616 803 1677 nullus
822 1626 943 1675 motuso

74 1704 135 1765 tur,
159 1692 217 1751 nisi
236 1712 324 1771 quem
347 1697 423 1755 ratio
445 1694 616 1765 suscitabat,
633 1716 732 1776 neque
752 1696 945 1759 vehementior

76 1774 246 1834 diuturnior
273 1785 362 1846 esset,
393 1778 482 1855 quiam
506 1775 641 1854 jubebat.
683 1777 762 1835 Vide
788 1776 869 1836 dicta
894 1775 942 1835 N⁰.

75 1862 95 1890 ‘⁸
109 1857 211 1916 Tract·
223 1853 263 1914 de
278 1852 373 1915 Deo.''

116 1938 230 1995 Verum
250 1934 356 1994 amisso
379 1957 433 2015 per
447 1948 602 2015 peecatum
618 1936 727 1997 Adami
741 1936 880 2014 originali
891 1937 944 2015 just

78 2016 281 2077 subordinatio
295 2015 345 2077 illu
358 2017 487 2077 multum
502 2029 547 2076 est
561 2017 724 2089 debilitata,
736 2018 778 2077 ita
792 2028 827 2076 ut
841 2018 944 2078 volunt

76 2098 238 2177 plerasque
271 2097 417 2174 potentias
445 2097 630 2157 solummodo
664 2098 821 2157 retinuerit
855 2097 944 2155 domii

79 2179 162 2256 quasi
176 2178 341 2256 politicum,
357 2179 445 2257 quale
469 2178 560 2237 habet
584 2179 718 2257 superior
742 2179 772 2235 in
796 2177 940 2247 subditos,

79 2258 259 2336 quandoque
268 2277 330 2315 non
343 2261 576 2338 obtemperatur.
618 2261 676 2318 His
690 2259 809 2329 notaria,

120 2339 163 2397 ΙΙ.
179 2338 299 2397 Dicitur
312 2340 350 2397 1⁰.
366 2340 503 2399 voluntas
517 2349 617 2399 movet
630 2350 661 2398 et
674 2340 752 2419 regit
762 2338 930 2418 appetitum

82 2419 203 2480 sitivnm
217 2417 310 2477 solium
325 2419 457 2481 dominio
468 2421 552 2501 quasi
566 2420 711 2501 politico:
733 2420 803 2481 hinc
817 2431 872 2490 est,
888 2420 943 2497 qud

80 2501 240 2559 voluntatis
254 2499 413 2577 imperium
437 2501 587 2579 passiones
613 2500 774 2577 aliquando
801 2510 943 2578 exurgant

81 2591 203 2649 cessent,
220 2580 400 2658 quandoque
411 2585 480 2642 vero
491 2602 559 2641 non.
602 2581 682 2640 Vide
695 2584 787 2641 Num.
802 2589 852 2643 55.

123 2661 182 2720 111.
193 2660 235 2719 2⁰.
248 2661 390 2721 Similiter
404 2661 581 2733 intellectus,
592 2661 735 2722 memoria
746 2672 776 2720 et
789 2659 943 2741 phantasia

80 2742 144 2801 tiim
156 2740 274 2819 politice
299 2742 445 2802 voluntati
460 2743 604 2811 subsunt;
628 2741 709 2801 unde
721 2761 937 2821 nonnunquam

82 2820 184 2899 tingit,
201 2832 233 2880 ut
246 2824 519 2901 quantirmeuruque
538 2823 674 2891 velimus,
684 2843 745 2883 nou
758 2836 858 2882 tamen
872 2820 943 2883 vala

81 2903 210 2981 cogitare
235 2902 282 2961 vel
305 2903 454 2963 reeordari
467 2903 675 2980 quorumdam,
701 2902 755 2962 sed
769 2903 786 2961 ὲ
800 2912 904 2961 contra
930 2922 942 2976 q

80 2982 180 3062 doque
200 2982 316 3054 accidit,
345 2993 380 3043 ut
407 2984 600 3061 cogitationes
627 2993 657 3043 et
679 2983 906 3063 imaginationes
928 2980 942 3040 i

83 3062 410 3124 volunmteoccurrant.

122 3144 177 3202 1v.
192 3142 234 3205 3⁰.
251 3143 401 3203 Potentiae
410 3143 476 3205 loco
487 3144 611 3205 motivas
622 3143 761 3205 voluntas
778 3154 876 3203 movet
889 3142 942 3203 dor

83 3225 168 3303 quasi
182 3224 344 3303 despotico,
358 3224 415 3282 nisi
425 3224 559 3285 defectus
570 3225 674 3304 organi
688 3244 739 3283 seu
754 3222 891 3294 membri,
905 3244 942 3283 au

83 3305 226 3364 trinsecirs
240 3303 381 3363 violentia
394 3304 590 3368 interveniat:
614 3305 684 3365 hinc
706 3304 883 3374 incedimus,
903 3314 942 3364 sts

84 3405 238 3445 movemus
253 3394 351 3462 caput,
366 3404 497 3455 manum,
512 3398 568 3446 ete.
590 3386 711 3480 quando
731 3385 879 3445 volumus.
902 3384 940 3442 vi

83 3462 190 3524 Thom.
202 3476 256 3523 art.
269 3473 297 3535 9.
308 3465 407 3523 ubiad
417 3467 536 3525 tertium
548 3479 691 3526 rationem
701 3465 761 3535 dat,
771 3485 825 3524 cur
836 3485 886 3525 cor
895 3476 941 3525 etr

84 3545 502 3624 brumgenitalenonperinde
511 3548 651 3607 obediant
659 3547 775 3617 rationi,
783 3545 941 3605 acaliamer

126 3625 164 3684 V.
174 3626 365 3689 4⁰.l'otentiae
373 3629 547 3707 vegetativos
555 3648 614 3688 non
623 3627 751 3687 subsunt
761 3624 941 3688 voluntatisi

80 3703 129 3771 tio
136 3705 198 3767 nisi
207 3710 321 3768 remote
332 3730 341 3779 ;
352 3726 439 3769 nemo
453 3709 534 3771 enim
543 3708 650 3771 erescit
656 3707 920 3785 autimpingustnr
931 3725 941 3769 s

72 3784 113 3849 do
128 3788 219 3855 vulta
248 3793 365 3855 remae
392 3790 539 3857 dieunttu
560 3786 713 3851 sunnon
724 3783 941 3859 summum!
