2152 4066
277 84 280 89 ’
315 108 361 152 ort
377 106 520 153 acrinus
538 106 706 150 nonaum.
906 84 979 156 aar

12 253 122 315 -eibos
147 253 293 313 sumendo
316 253 366 312 vel
392 254 430 313 ab
455 251 514 311 illis
542 251 728 323 abstinendo,
753 273 789 313 ea
807 274 981 335 promovere

37 347 138 414 potest
152 335 199 393 vei
213 331 367 411 impedire.
410 336 439 393 S.
456 333 562 392 Thom.
577 343 631 391 art.
647 341 675 392 8.
799 336 802 341 '
954 350 960 363 ·

22 456 28 463 -
59 416 132 473 ·v1.
154 415 270 474 Pariter
278 415 464 492 operationes
472 432 609 471 sensuum
621 425 681 470 tarn
693 424 881 473 externorum
894 412 982 494 quint

24 492 220 554 tinternorutn
228 495 298 553 inde
308 494 494 571 sequentium
506 513 566 551 non
577 495 783 570 obsequuntur
792 495 915 555 rationis
927 498 983 554 im-

27 576 130 667 -perio,
143 575 203 633 nisi
216 575 324 633 iterum
338 576 460 643 remota,
474 578 546 650 puta
559 593 671 650 organa
682 574 854 643 avertendo,
871 578 919 634 vel
929 579 982 634 ob-

14 665 114 733 znecta
132 655 332 792 remorendp3
354 666 385 713 et
394 655 460 747 ‘haic
480 656 593 791 pationp
614 654 800 731 operationes
821 655 879 714 illae
893 658 982 715 etiam

22 760 39 791 a
91 747 162 793 sunt
175 755 240 794 esse
254 755 292 793 ro
305 742 429 793 untarroe
443 755 479 793 ve
506 754 575 792 mvo
588 735 719 793 untariae.

44 752 124 873 posEa
149 814 239 874 dictis
260 826 340 885 nota,
365 815 446 892 quod
468 824 550 872 actus
570 814 769 891 potentiarum
791 815 809 874 a
830 816 983 875 voluntate

11 878 244 963 ²2riistinctarum
260 914 322 953 non
342 895 401 975 sint
420 916 457 954 ex
478 894 581 972 seipsis
603 895 772 964 voluntarii,
795 896 848 954 sed
867 895 983 955 tantum

11 955 33 989 ¹¹
46 972 95 1034 tici
118 986 245 1053 possunt
266 975 423 1033 voluntarii
445 972 620 1051 inquantum
639 977 658 1035 ὲ
679 975 832 1034 voluntate
854 989 979 1055 possunt

11 1033 36 1151 ΕΙ
48 1052 187 1134 inperari,
201 1056 290 1134 dirigi
307 1055 353 1114 vel
367 1055 513 1134 impediri.

11 1194 75 1275 ¹‘'r.
90 1224 139 1286 59.
184 1215 593 1354 unumunurm-pu
613 1214 727 1274 Anus
750 1172 989 1275 rornnrirs*

308 1456 340 1514 S.
359 1454 454 1515 Thon.
470 1462 565 1533 quoert.
580 1460 609 1520 9.
623 1459 648 1509 et
664 1459 709 1511 10.

11 1604 59 1673 Ἰ.
79 1612 248 1674 Intellectus
275 1623 360 1672 rnooct
387 1613 551 1672 voluntatem
579 1611 608 1669 in
632 1632 734 1691 genere
755 1632 848 1671 curarae
862 1616 981 1690 ‚finalis⁴

72 1692 120 1750 ll.
144 1692 246 1758 Qtoad
257 1691 487 1770 specpicolionem
502 1701 527 1750 ci
541 1692 710 1752 exercitium.
754 1692 813 1749 llI.
829 1693 981 1772 Appetitur

70 1771 330 1910 :cppgtilrpppctrpooet
351 1772 515 1831 voluntatem
529 1772 673 1832 indirecte.
716 1771 770 1829 IV.
791 1774 863 1832 Item
888 1772 981 1850 aliquo

74 2011 300 2084 QUOMODO
322 2010 460 2070 voluntas
480 2023 616 2070 movetur
636 2013 673 2070 ab
695 2010 758 2070 aliis
778 2008 918 2089 potentiis
943 2010 982 2066 ad

29 2104 133 2152 actum
152 2092 198 2149 vel
214 2097 404 2150 consensum?

75 2172 99 2228 1.
123 2173 158 2230 R.
176 2172 348 2230 Intellectus
363 2182 462 2229 movet
473 2171 656 2229 uoluntatem
667 2172 705 2229 ad
719 2170 867 2247 agendum
884 2169 913 2225 in
928 2189 979 2244 ge-

37 2271 106 2310 nere
126 2273 222 2310 causa
245 2252 338 2309 finalis
359 2271 417 2308 non
432 2251 462 2307 in
477 2271 585 2327 genere
606 2272 699 2311 causae
716 2250 885 2318 efficientis3
910 2250 981 2325 quia

39 2331 205 2390 intellectus
222 2334 333 2390 tantum
348 2331 488 2409 proponit
503 2330 646 2390 voluntati
668 2333 817 2410 objectum
833 2339 865 2386 ut
878 2349 979 2405 prose-

38 2412 189 2489 quendum
204 2413 250 2470 vel
266 2413 451 2489 fugiendum,
468 2411 518 2469 sed
529 2412 687 2470 efficienter
701 2433 760 2470 non
776 2411 873 2467 influit
887 2411 917 2465 in
932 2429 980 2466 ac-

39 2502 84 2549 tus
97 2491 259 2550 voluntatis
272 2493 403 2551 elicitos:
425 2491 468 2548 nil
492 2493 570 2549 enim
590 2495 747 2552 efficienter
761 2502 861 2548 movet
875 2489 980 2547 volun-

40 2582 136 2643 tatem,
151 2573 207 2630 nisi
221 2573 285 2650 ipsa
299 2574 434 2649 seipsam,
450 2584 479 2629 et
494 2575 589 2630 Deus.

78 2651 117 2710 il.
134 2654 238 2711 Movet
252 2654 337 2711 etiam
351 2653 518 2711 intellectus
528 2653 708 2710 voluntatem
720 2650 819 2728 quoad
834 2656 854 2683 “
865 2648 981 2726 specifi-

44 2732 238 2799 “cationem‚''
247 2735 309 2791 sive
323 2746 356 2792 ut
369 2734 465 2810 potius
480 2734 509 2790 in
524 2733 579 2791 hac
590 2731 687 2810 specie
697 2731 820 2790 actionis
831 2741 978 2807 operetur,

41 2814 122 2905 quim
138 2813 169 2870 in
184 2813 258 2872 alia:
275 2815 344 2873 item
359 2827 459 2872 movet
472 2814 572 2890 aliquo
586 2814 673 2870 modo
688 2811 786 2890 quoad
797 2811 977 2876 exercitium,

44 2912 97 2950 stre
111 2904 146 2951 ut
160 2893 210 2951 hic
224 2905 253 2952 et
264 2915 343 2953 nunc
355 2906 513 2971 operetur:
529 2905 627 2952 movet
639 2892 799 2970 aliquando
810 2892 912 2959 libere,
926 2889 979 2947 ali-

9 2990 14 3003 ·
43 2974 155 3048 quando
169 2976 341 3045 necessario,
356 2996 411 3052 pro
427 2996 486 3052 quo
500 2973 569 3033 vide
583 2975 664 3032 dicta
680 2976 718 3031 N.
732 2980 777 3032 15.

77 3055 118 3112 Ut
124 3053 366 3113 verointellectns
378 3067 492 3113 moveat
500 3055 680 3112 voluntatem
689 3052 787 3130 quood
794 3052 979 3118 exercitium,

11 3134 18 3145 '
44 3134 214 3208 probabilius
229 3154 296 3193 cum
309 3135 470 3194 Thornistis
481 3155 539 3192 non
555 3135 660 3192 sufficit
674 3134 735 3191 sola
748 3133 912 3212 propositio
927 3132 980 3187 ob-

9 3212 25 3248 ’··
41 3211 112 3289 jetti,
123 3214 178 3272 sed
188 3215 347 3291 requiritur
355 3216 500 3294 judicium
513 3215 616 3272 ultimo
630 3214 794 3291 practicam
807 3211 920 3270 actuale
932 3211 979 3266 vel

9 3294 28 3365 ᾖ
47 3293 170 3365 virtuale,
185 3316 245 3372 quo
253 3297 420 3354 intellectus
429 3296 478 3353 hic
489 3306 518 3352 et
529 3314 609 3352 nunc
616 3294 733 3372 judicet
745 3313 807 3352 essc
818 3291 979 3368 agendum.

10 3368 28 3407 ²
74 3374 237 3452 Appetitas
258 3377 415 3434 sensitivus
430 3396 481 3433 seu
496 3375 593 3452 passio
613 3384 712 3432 movet
733 3373 914 3431 voluntatem
934 3373 980 3428 in-

8 3451 30 3495 ¹¹
47 3452 156 3526 directe,
171 3455 293 3527 scilicet,

8 3556 12 3566 ¹
77 3535 135 3593 Ill.
159 3538 198 3594 1⁰.
222 3537 268 3593 Ex
282 3549 365 3614 parte
380 3536 497 3615 objecti,
520 3536 663 3612 quatenus
683 3536 818 3613 passione
840 3534 979 3598 excitati,

29 3650 32 3655 ·
48 3612 123 3674 homo
136 3628 218 3676 certo
231 3618 320 3675 modo
328 3618 449 3676 afficitur
459 3626 488 3673 et
499 3617 541 3674 sic
552 3616 616 3693 ejus
625 3615 793 3673 intellectus
803 3614 888 3672 facili
897 3615 980 3690 judi-

8 3692 32 3767 *ς
50 3696 234 3775 ottobjectum
244 3698 427 3776 propositum
438 3696 736 3755 esseconveniensvel
747 3695 981 3759 disconveniens,

8 3772 33 3827 ¹·
51 3776 118 3848 quod
129 3777 190 3857 ipsi
204 3797 265 3837 nou
280 3779 430 3838 videretur
444 3778 503 3836 tale
514 3788 597 3836 extra
607 3777 773 3856 passionem
785 3776 932 3843 existenti,
949 3785 982 3830 ut

8 3890 32 4009 s

475 3866 527 3917 o3
