2152 4066
315 96 378 143 on
401 96 479 143 nito.
828 76 869 143 71

48 244 181 307 menis
203 244 379 305 nuceium
396 242 666 323 monument·
684 243 821 323 graeile
833 245 873 306 aa
908 228 912 238 “

48 346 107 487 int.
120 406 151 467 S.
166 324 458 485 Augnpppoulpipw
480 410 502 438 “
514 402 733 497 Predeetinetio
752 424 813 464 non
831 406 873 467 ita

49 486 90 547 li·
186 486 193 501 ⁸
271 496 359 557 aest,
373 483 498 563 utepud
511 486 688 562 impentem,
701 483 873 545 veltet-dio-

49 590 54 625 ι
108 567 229 645 igmtiee
246 565 468 625 multitudinem
491 562 632 643 redargui
654 564 876 642 quodammodo

51 649 106 707 eui
117 647 331 726 predicatione
342 644 489 703 videatur.
510 643 615 704 Dolosi
637 655 735 704 eutem
750 644 798 705 vel
817 646 875 707 im·

49 728 61 789 i
73 726 184 787 medici
193 738 238 787 eet
250 727 339 786 etiem
349 724 424 784 utile
431 723 677 801 medicamentum
692 725 873 823 necligere,

49 819 74 869 n
93 827 156 867 non
171 807 279 887 prodt,
293 817 346 867 aut
364 805 461 877 obeit3
475 804 529 864 sed
540 802 700 864 dicendum
713 814 774 866 eet:
802 815 823 873 ’ξ
832 824 877 868 nc

49 891 93 958 ite,
107 899 144 947 ut
157 885 443 966 comprehendetie,”
458 882 501 959 (1.
515 884 554 943 ed
573 884 709 945 Corinth.
724 905 789 966 cop
802 894 833 958 9.
839 908 874 945 ·v.

51 980 142 1046 etque
151 980 188 1027 ut
199 968 230 1026 in
244 968 309 1046 ipso
319 976 516 1025 cumuvestro
525 965 567 1023 ite
575 985 629 1025 voe
638 984 701 1025 ease
710 969 876 1045 praecogni-

49 1049 205 1108 toveritis.”
247 1047 318 1108 Dici
348 1046 436 1105 etiem
460 1044 533 1122 ipsis
555 1056 651 1123 potest
676 1064 745 1105 cum
767 1050 874 1126 Apoet.

58 1129 145 1207 epist.
159 1138 188 1188 2.
202 1148 228 1188 c.
245 1137 270 1187 1.
285 1148 314 1185 v.
328 1135 375 1190 10.
386 1133 407 1162 “
418 1125 560 1203 satagite,
575 1136 610 1184 ut
622 1145 676 1205 per
696 1127 773 1186 bonu
786 1148 876 1211 opera

66 1220 194 1269 veemm
207 1207 392 1268 vooetimem
406 1216 438 1265 et
450 1204 624 1265 electionem
636 1205 778 1265 facietie''

49 1290 132 1367 mgit
143 1290 176 1349 S.
190 1289 272 1367 Aug.
284 1287 458 1357 nescientes,
468 1284 536 1363 quis
542 1286 690 1364 pertineat
698 1286 738 1345 ud
746 1284 877 1365 prodes.

49 1368 92 1427 nie
103 1388 273 1441 numerum,
293 1367 336 1426 sic
349 1366 424 1426 affici
445 1367 588 1426 debemus
597 1366 747 1425 charitatis
759 1367 878 1438 effectu,

52 1469 84 1508 ee
93 1449 220 1508 velimus
234 1449 330 1509 salvos
344 1446 427 1519 fieri3
448 1447 520 1505 hinc
534 1446 669 1524 Apostoli
681 1447 787 1507 insuia
799 1448 877 1527 epis·

49 1528 118 1587 dent
130 1549 235 1589 omnes
244 1527 426 1588 Christianos
434 1545 540 1585 vocure
553 1528 685 1597 Sanctae,
693 1526 812 1592 electae.
821 1539 877 1589 etc.

50 1698 72 1759 9.
114 1690 175 1748 DE
199 1688 383 1749 NUMERO
406 1686 856 1749 PRAEDESTINATORUM.

119 1847 152 1908 S.
171 1848 267 1909 Thom.
293 1856 321 1910 l.
338 1855 420 1927 port.
433 1855 529 1925 queit.
546 1854 594 1907 23.
608 1853 663 1905 uri.
678 1856 705 1917 7.

50 2010 148 2048 ’merus
168 1991 428 2069 proedeeliuuturum
441 2000 482 2050 est
495 1990 670 2050 Deocertus.
712 1992 754 2051 11.
795 1992 884 2052 Nubis

305 2080 345 2130 eet
358 2069 525 2149 incognitus.

60 2214 214 2273 Numerus
225 2214 498 2291 predestinatorum
512 2226 557 2274 est
571 2223 695 2277 certus?

50 2339 62 2352 ,.
77 2295 153 2352 Cum
180 2296 209 2354 S.
222 2294 328 2353 Thom.
342 2296 391 2354 hie
404 2296 435 2353 in
460 2295 543 2372 Corp.
558 2315 717 2356 numerum
730 2296 883 2375 predesti-

53 2394 82 2431 m
95 2395 160 2433 esse
172 2376 238 2433 Deo
248 2386 373 2445 certum,
385 2396 444 2434 non
456 2375 553 2435 soldm
563 2376 726 2437 formaliter
736 2377 789 2436 sed
798 2379 884 2437 etiem

51 2453 148 2523 uliter,
162 2454 258 2522 idest,
290 2455 372 2514 Deus
386 2476 445 2515 non
464 2456 561 2515 eoldm
575 2459 640 2527 ecit,
669 2468 742 2536 quot
755 2458 815 2516 sint
828 2458 884 2517 sal·

62 2535 218 2593 sedetiam
234 2536 286 2612 qui
301 2536 359 2592 sint
373 2535 517 2606 salvandi,
536 2538 626 2615 juxte
636 2538 713 2596 illud
730 2545 758 2596 2.
773 2537 812 2596 ad
832 2539 885 2597 Ti-

53 2634 79 2675 c.
95 2624 126 2684 2,
142 2636 169 2674 v.
186 2624 231 2685 19.
243 2623 262 2649 ·‘
278 2617 427 2693 Cognovit
438 2617 595 2688 Dominus,
607 2618 659 2695 qui
673 2629 743 2678 sunt
752 2618 846 2698 ejue.'’

53 2696 207 2754 .J0ennis
235 2715 298 2773 cap.
326 2704 370 2763 17.
385 2717 412 2755 v.
436 2704 481 2757 12·
505 2697 578 2758 dicit
599 2698 752 2758 Christus:
778 2706 798 2732 “
812 2718 888 2776 quos

50 2775 57 2830 i
81 2775 167 2844 mihi,
182 2776 339 2846 custodivi,
373 2789 403 2836 et
416 2796 504 2835 nemo
524 2798 562 2837 ex
581 2778 624 2837 eie
636 2780 726 2855 periit
738 2779 795 2838 nisi
808 2779 887 2837 filius

50 2855 126 2914 ionis
137 2859 164 2914 :'’
187 2876 259 2934 ergo
278 2855 500 2935 praedestinatio
512 2870 629 2918 nonest
641 2871 730 2930 certa,
755 2858 887 2937 alioquin

61 2955 123 2992 non
137 2936 282 3013 potuisset
293 2937 400 3014 perire.

51 3016 122 3093 ileg.
152 3035 269 3093 conseq.
295 3017 366 3094 quia
386 3031 511 3095 possunt
524 3019 645 3097 quidam
669 3020 776 3099 perire,
797 3019 888 3097 quid

52 3095 113 3154 deti
124 3094 195 3155 sunt
203 3096 355 3156 voluntate
364 3101 482 3157 tantdm
491 3099 693 3170 antecedente,
704 3101 827 3161 sednon
836 3102 888 3177 qui

51 3195 71 3233 ’e
85 3177 148 3236 dati
160 3186 232 3236 sunt
243 3177 385 3248 absoluti,
409 3190 439 3237 et
452 3181 617 3239 seeundum
634 3182 819 3260 propositum
837 3199 889 3239 vo·

51 3273 62 3314 t
76 3268 148 3315 sunt
157 3257 359 3334 praedestinati
363 3280 372 3328 ;
385 3257 426 3317 eie
440 3270 539 3318 autem
548 3273 680 3321 nouerat
690 3259 890 3323 dutusludas.

51 3357 71 3394 .e
83 3336 232 3415 particula
247 3337 301 3394 nisi
314 3338 386 3414 poni
400 3339 536 3399 videatur
549 3361 605 3418 pro
617 3341 764 3419 perticuli
782 3341 889 3399 adver-

58 3416 110 3474 eed
123 3417 173 3476 vel
184 3424 204 3494 ‘.‘
215 3418 348 3475 tantum”
354 3417 442 3495 juxta
451 3419 575 3496 aliquos,
586 3422 628 3480 ita
638 3432 673 3481 ut
680 3422 826 3483 eeueueeit
837 3441 891 3482 :ex

51 3517 97 3555 ios
108 3497 218 3556 dedisti
229 3496 314 3566 mihi,
334 3517 422 3556 nemo
433 3500 532 3577 periit,
548 3501 600 3559 sed
609 3505 727 3561 tantdm
735 3502 825 3581 periit
835 3503 891 3563 du·

51 3597 110 3636 tem
124 3597 186 3636 non
211 3577 319 3637 dedisti
340 3578 493 3638 voluntate
515 3581 628 3641 scilicet
652 3593 852 3661 consequente
864 3593 895 3640 et

51 3660 97 3715 ut.
596 3678 600 3685 ·

51 3737 68 3813 i.
80 3738 123 3796 2⁰.
140 3735 276 3796 Ecclesia
290 3737 322 3794 in
337 3757 448 3799 canone
461 3740 560 3799 Missae
570 3754 644 3813 orat,
659 3754 694 3802 ut
708 3741 792 3801 Deus
802 3762 855 3800 nos
865 3741 894 3798 in

52 3838 118 3876 rum
131 3835 255 3877 suorum
260 3818 368 3895 jubeat
379 3839 474 3898 grege
487 3824 656 3898 numerari3
672 3843 745 3904 ergo
756 3840 903 3882 numanus

51 3906 190 3955 etcertns.
