2160 4072
80 92 147 159 232
472 102 677 154 cancarrus

122 259 183 320 111.
208 256 298 334 Qudd
310 256 396 317 locus
416 252 455 315 sit
474 273 565 320 sacer,
591 254 677 315 addit
694 251 851 334 quibusda

80 342 111 399 iu
124 340 177 400 illo
191 337 353 399 commissis
366 336 509 397 malitiam
522 335 679 415 sacrilegii,
703 337 743 396 ob
755 335 815 395 loci
824 355 851 394 sa

81 440 179 483 onem.

121 504 172 561 An
185 499 284 559 omnia
295 507 417 578 peccata
429 497 461 555 in
480 496 643 556 iocosacro
654 495 813 556 commissa
825 495 851 554 in

78 582 157 641 hunt
170 580 312 639 malitiam
322 576 468 655 sacrilegii
484 577 663 636 mortalem-i

123 660 176 720 IV.
200 658 235 720 R.
250 659 406 739 Negativi,
431 655 483 717 sed
496 668 612 717 tantum
626 655 679 716 illa
692 676 760 735 quae
769 657 851 736 gravi

80 752 153 801 nant
166 740 285 810 finibus,
300 738 339 798 ad
353 759 427 818 quos
447 736 530 796 locus
544 737 795 797 rllecousecratus
806 749 851 797 est

81 835 148 882 tus:
170 821 243 879 fines
256 828 355 879 autem
369 816 414 877 illi
427 828 498 877 sunt
506 819 633 888 castitas,
646 819 851 889 mansuetudo,

82 902 180 963 cultus
194 899 324 970 divinus,
336 897 508 957 immunitas
522 919 575 957 seu
588 899 708 976 azylum
724 908 755 957 et
768 898 851 958 simil:

124 980 159 1037 V.
175 980 257 1040 HInc
266 978 306 1036 1⁰.
314 978 470 1038 fornicatio
483 978 532 1036 vel
567 979 671 1038 oIIutio
682 979 714 1037 In
727 979 842 1057 templo

74 1062 156 1122 'tario
170 1058 325 1120 commissa
339 1058 487 1118 contrahit
499 998 570 1118 indi
582 1059 726 1118 malitiam
738 1059 851 1117 mortali

81 1140 144 1221 gii:
159 1140 230 1220 quia
241 1139 299 1200 ista
310 1149 433 1220 peccata
445 1139 577 1219 graviter
590 1149 760 1218 repugnant
773 1158 851 1197 rever

83 1238 166 1281 sacro
179 1218 296 1280 debitae.

121 1302 176 1360 v1.
196 1301 282 1359 Idem
295 1300 414 1359 videtur
428 1299 587 1361 dicendum
603 1299 641 1359 de
655 1299 809 1360 cantilenis
830 1319 849 1356 a

81 1380 240 1461 impudicis
252 1381 284 1439 in
297 1380 364 1440 loco
377 1384 468 1439 sacro'.
512 1382 575 1439 Imd
590 1380 687 1440 Collet
708 1379 742 1438 id
761 1381 851 1438 etiam

81 1464 204 1521 nutibus
217 1471 269 1520 aut
282 1462 451 1540 aspectibus
463 1459 630 1520 libidinosis
649 1460 682 1519 in
695 1459 817 1538 templo,
846 1484 851 1516 ε

81 1543 132 1602 alii
144 1543 202 1603 hoc
225 1551 344 1621 negent

123 1622 196 1681 VII.
213 1622 295 1680 Idem
309 1620 497 1681 communius
518 1621 644 1681 docetur
658 1621 696 1680 de
710 1621 818 1700 copula
830 1640 851 1679 o

81 1704 148 1762 loco
162 1718 253 1772 sacro,
268 1701 383 1762 etsifiat
394 1703 432 1760 ob
442 1701 852 1779 perIculumIncontinentiae,

82 1783 229 1861 conjuges
247 1782 300 1842 diu
323 1782 355 1840 in
368 1782 435 1841 Ioco
448 1802 530 1841 sacro
548 1781 728 1842 detinentur.
770 1783 851 1841 Locu

83 1878 122 1923 sae
145 1880 232 1921 enon
244 1863 334 1923 habet
347 1862 492 1921 rationem
506 1863 742 1933 circumstantie,
758 1862 811 1920 sed
827 1865 851 1920 ol

154 1943 306 2014 otandum,
322 1943 403 2022 qubd
426 1942 509 2001 locus
524 1954 608 2002 sacer
618 1944 667 2002 hIc
682 1944 781 2002 stricte
796 1962 850 2001 acc

82 2023 148 2084 Ioco
158 2035 328 2085 consecrato
341 2035 392 2082 aut
404 2023 561 2082 benedIcto
576 2023 613 2081 ad
628 2023 821 2093 Sacrificium,
843 2045 851 2080 ‹

45 2132 51 2147 ι
84 2104 186 2162 vinum
198 2116 250 2163 aut
260 2104 442 2182 sepulturam
455 2104 700 2175 Christianorum3
711 2104 782 2162 hinc
793 2104 849 2179 sip

85 2194 149 2241 cata
163 2185 417 2243 committerentur
425 2183 458 2241 in
466 2183 611 2243 locutorio
621 2194 672 2242 aut
683 2185 769 2243 hotto
779 2203 850 2241 mon

86 2264 156 2322 indo
170 2264 378 2322 contraherent
390 2264 533 2323 malitiam
555 2264 709 2341 sacrilegii

127 2343 216 2402 VIII.
238 2343 280 2403 2⁰.
295 2343 475 2415 Homicidia,
489 2344 622 2402 laesiones
636 2365 752 2422 graves,
767 2355 819 2402 aut
833 2366 851 2422 g

85 2444 130 2483 noe
144 2423 174 2481 in
188 2426 254 2482 Ioco
267 2444 349 2482 sacro
363 2424 542 2483 contrahunt
555 2424 625 2482 inde
639 2425 780 2483 malitiam
806 2446 851 2482 mc

86 2505 209 2580 crilegii,
221 2515 325 2583 utpote
339 2505 470 2582 graviter
483 2505 669 2564 adversantia
681 2507 851 2563 mansuetus

126 2586 181 2644 IX.
212 2585 252 2643 3⁰.
276 2585 312 2643 In
333 2585 399 2644 loco
426 2605 508 2644 sacro
533 2605 669 2644 exercere
697 2587 851 2644 comoedias

86 2677 291 2736 mercaturam,
312 2667 384 2724 item
406 2665 452 2723 uti
467 2665 601 2724 Ecclesia
620 2685 676 2742 pro
690 2667 807 2724 stabulo
821 2687 851 2742 ec

83 2745 298 2822 jumentorum,
313 2757 368 2804 etc.
383 2745 514 2823 graviter
525 2756 695 2823 repugnant
707 2746 765 2805 loci
780 2749 851 2806 sacri

126 2828 164 2884 X.
186 2828 313 2884 Furtum
340 2826 464 2884 mortale
478 2826 603 2905 alicujus
626 2827 671 2884 rei
685 2827 716 2884 in
731 2828 849 2886 Ecclesi

86 2905 208 2972 ibidem,
224 2918 364 2983 tanquam
379 2907 434 2965 sub
445 2906 531 2984 azylo
542 2919 572 2965 et
586 2907 721 2965 custodia
735 2907 852 2967 Ecclesi

86 2986 150 3055 sita,
176 2987 266 3044 habet
279 2986 349 3045 inde
363 2986 505 3044 malitiam
528 2987 683 3046 mortalem
704 2988 851 3066 sacrilegii

85 3087 132 3125 res
145 3067 196 3125 illa
210 3067 331 3144 insuper
345 3068 485 3137 sitsacra,
501 3067 557 3125 erit
567 3067 679 3145 duplex
693 3069 850 3146 sacrilegiu

131 3148 253 3207 Dictum
267 3158 311 3205 est
323 3171 332 3218 3
361 3166 428 3224 quae
441 3167 489 3205 res
503 3147 615 3206 ibidem
625 3159 768 3226 tanquam
783 3151 840 3208 sub

87 3237 107 3263 “
122 3228 256 3307 deposita
271 3238 315 3286 est
328 3229 362 3294 ;”
390 3227 470 3306 quia,
495 3227 520 3284 si
533 3248 581 3286 res
594 3247 654 3286 non
667 3230 705 3286 sit
725 3228 767 3287 ibi
782 3231 839 3288 sub

86 3308 204 3368 videtur
218 3308 336 3366 furtum
348 3307 419 3365 inde
433 3308 607 3367 contrahere
620 3309 762 3368 malitiam
772 3322 851 3368 mort

85 3389 173 3466 IegiI:
189 3390 260 3448 biuc
282 3388 398 3464 clepere
410 3389 533 3447 bursam
547 3388 576 3444 in
591 3389 713 3466 templo,
735 3409 796 3448 non
810 3391 851 3449 ha

85 3469 127 3546 gii
136 3469 267 3528 mortalis
281 3468 432 3539 malitiam,
447 3489 627 3547 quamquam
643 3471 753 3529 Suarez
766 3481 796 3529 et
807 3472 851 3531 Co

85 3546 198 3608 dicunt.

126 3628 305 3689 Admittitur
332 3640 432 3688 tamen
459 3628 491 3688 in
518 3651 553 3689 eo
579 3629 702 3708 aliquod
725 3642 852 3709 peccatu

73 3722 170 3788 prout
184 3721 215 3770 et
227 3710 260 3770 in
272 3710 413 3772 omnibus
426 3708 493 3772 aliis
501 3711 633 3791 peccatis
640 3712 782 3781 externis,
789 3732 851 3788 dua

65 3794 319 3857 committuntur.
