2160 4072
332 101 378 146 ur
401 101 574 149 saccaria.
631 84 635 93 '
855 87 916 151 351

43 288 50 302 .
75 245 176 307 Datur
189 256 289 305 tamen
301 248 432 326 parvitas
456 249 594 317 materia,
623 258 654 306 et
666 248 799 326 quidem,
822 261 855 308 ut
879 253 920 310 ait

43 329 171 396 nemius,
185 327 261 385 nihil
271 338 360 398 vetat,
380 348 522 405 magnum
535 330 648 387 bonum
658 349 765 406 parum
779 331 917 401 invideri,

43 419 69 465 ua
83 407 203 485 peccari
224 411 342 466 tantum
356 408 529 480 venialiter;
553 428 680 486 parvum
694 421 794 469 autem
806 412 919 471 bonum

43 487 104 545 leri
119 487 267 555 acerrimi,
278 488 411 565 adeoque
424 488 541 566 peccari
555 488 727 548 mortaliter.
750 490 918 552 Discrimen

43 565 162 625 ssimiim
189 567 340 645 colligitur
372 588 409 627 ex
432 567 597 639 effectibus,
625 579 660 628 ut
675 569 918 642 detractionibus,

43 669 100 725 quc
114 647 240 727 injuriis.

44 748 162 787 uaenam
177 727 323 792 auntfiliae
333 727 475 789 invidias?
724 758 726 769 ¹

43 807 69 865 1.
87 810 122 867 u,
149 811 380 869 Recenaenturi
401 811 431 870 S.
454 810 561 869 Thom.
586 822 689 888 quaest.
704 812 792 870 citatt
809 822 864 870 art.
890 822 917 872 4.

43 931 52 948 .
65 889 132 948 lrae:
148 889 260 960 odium,
272 891 444 961 susurratio,
454 890 607 960 detractio,
619 892 761 952 exultatio
772 893 802 950 in
813 892 920 951 adver-

43 970 167 1039 ›roximi
182 980 212 1028 et
225 971 256 1028 in
270 971 335 1049 ejus
348 974 499 1049 prosperis
512 969 638 1029 afflictio.

42 1050 175 1108 uomodo
186 1050 298 1112 invidia
309 1050 409 1110 differt
423 1055 439 1110 ῖι
460 1051 535 1120 zelo,
550 1047 753 1129 indignatione
773 1062 804 1112 et
817 1053 919 1111 simili-

43 1130 218 1190 affectibus?

43 1210 86 1268 II.
105 1209 139 1267 R.
166 1210 274 1269 Differt
287 1210 305 1270 d
318 1212 383 1272 zelo
407 1231 459 1272 seu
478 1211 675 1281 emulatione,
702 1211 774 1291 quia
795 1212 860 1272 haec
874 1225 919 1272 est

43 1290 93 1350 itia
108 1287 146 1348 de
159 1292 239 1350 bono
251 1293 389 1369 proximi,
403 1312 463 1350 non
478 1291 548 1370 quia
562 1291 638 1350 illud
651 1292 804 1370 proximus
817 1293 917 1363 habet,

43 1370 112 1447 quia
126 1371 182 1429 sibi
197 1371 296 1430 delicit
307 1393 317 1441 ς
344 1373 425 1432 unde
448 1373 568 1450 proprie
593 1371 675 1430 dolet
695 1392 757 1430 nou
779 1373 817 1431 de
839 1374 919 1432 bono

43 1451 111 1520 imi,
126 1451 178 1510 sed
192 1451 230 1510 de
244 1472 297 1511 auo
310 1451 440 1523 defectu,
465 1451 546 1530 quod
557 1452 669 1513 scilicet
681 1453 745 1531 ipse
755 1452 843 1511 etiam
857 1468 919 1512 non

43 1540 63 1588 et
76 1531 155 1589 illud
163 1534 285 1602 bonum,
300 1534 382 1610 quod
394 1533 549 1613 proximus
567 1533 666 1591 habet.
706 1533 878 1600 AEmulatio‚
893 1536 919 1593 si

44 1614 150 1670 ebono
164 1612 219 1670 sibi
229 1614 460 1691 proportionato,
485 1605 625 1683 estdona
640 1613 665 1672 ai
679 1612 717 1671 de
730 1613 820 1684 bono,
832 1614 918 1691 cujus

43 1712 166 1769 ncapax‚
187 1703 232 1751 est
251 1693 336 1752 mala.

44 1771 103 1829 lll.
119 1771 227 1830 Differt
240 1773 277 1831 ab
291 1773 496 1852 indignatione
509 1794 561 1833 aeu
573 1776 694 1845 nemesi,
708 1775 788 1852 quod
801 1773 866 1834 liaeo
880 1776 918 1834 sit

43 1850 93 1909 itia
106 1852 145 1909 de
157 1854 237 1911 bono
249 1855 386 1930 proximi,
398 1857 540 1933 quatenus
548 1856 701 1933 proximus
715 1855 917 1914 consideratur

43 1952 124 2007 gnus,
134 1933 188 2009 qui
196 1933 255 1992 tale
266 1933 375 1993 bonum
385 1936 553 2013 possideat3
569 1956 596 1992 v.
610 1955 642 2013 g.
657 1935 758 2011 siquis
772 1935 870 1994 doleat
879 1936 917 1993 de

43 2012 115 2070 licio
129 2013 177 2070 vel
185 2013 280 2073 officio
293 2014 416 2092 indigno
427 2015 550 2084 collatio,
564 2014 724 2092 etquidem
738 2024 835 2092 potest
848 2018 917 2093 quis

44 2093 131 2152 ssim&
142 2093 202 2152 huc
225 2112 321 2171 usque
332 2095 491 2172 indignari,
517 2095 602 2154 sitiat
615 2104 739 2172 propter
754 2095 853 2157 Deum
868 2094 915 2153 vel

43 2192 83 2230 un
94 2193 252 2241 commune
260 2196 269 2245 ;
299 2174 451 2253 indignari
465 2180 533 2234 vero
549 2175 685 2234 debonis
699 2173 826 2245 alterius,
842 2194 915 2253 qua·

47 2273 60 2310 s
73 2273 112 2311 ex
128 2255 186 2312 Dei
200 2255 363 2314 obveniunt
377 2256 570 2326 ordinatione,
583 2254 701 2332 semper
716 2266 759 2313 est
774 2255 892 2317 malum.

43 2330 70 2392 l.
88 2333 196 2392 Differt
202 2335 240 2393 ab
254 2335 331 2406 odio,
343 2335 424 2414 quod
438 2336 513 2394 illud
526 2332 711 2395 tristetur'de
722 2337 801 2394 bono
813 2337 914 2414 proxi-

45 2433 64 2469 x
78 2414 172 2489 ipsius
185 2417 312 2492 proximi
326 2416 521 2494 displicentia.

42 2493 148 2553 ristitia
168 2495 206 2552 de
227 2497 307 2555 bono
326 2497 372 2555 vel
398 2497 562 2556 elevatione
575 2496 707 2565 alterius,
735 2497 913 2573 inquantum

55 2574 178 2633 timetur
191 2576 335 2654 injustum
360 2588 572 2635 nocumentum
588 2577 635 2635 vel
659 2576 824 2654 oppressio,
853 2596 913 2657 nop

43 2653 151 2724 nvidia,
165 2655 207 2714 ait
215 2654 246 2715 S.
264 2656 370 2714 Thom.
383 2657 438 2714 sed
451 2668 564 2735 spectat
577 2656 615 2716 ed
628 2657 774 2715 timorem.

44 2753 159 2793 uaenam
172 2736 266 2794 virtus
280 2737 441 2814 opponitur
453 2737 597 2796 invidia?

43 2857 51 2872 .
67 2816 103 2874 R.
116 2816 298 2893 Benignitas‚
312 2836 379 2892 quae
392 2828 437 2876 est
462 2817 555 2875 virtus
570 2817 647 2874 ultro
672 2816 710 2875 ad
725 2817 913 2879 benefacien-

53 2907 156 2972 parata
165 2919 175 2967 ;
189 2897 254 2978 hac
264 2896 389 2954 maximi
400 2898 546 2974 reperitur
556 2897 589 2954 in
596 2897 768 2974 parentibus
776 2899 914 2975 respectu

43 2975 109 3045 ium,
119 2987 149 3034 et
162 2976 228 3034 vice
241 2982 325 3035 verat
337 2999 347 3047 ;
361 2989 451 3054 atque
464 2977 534 3035 hinc
548 2982 612 3035 rari)
627 2989 764 3055 parentes
778 2979 915 3038 invident

43 3055 114 3125 ibus,
129 3066 181 3115 aut
193 3057 291 3135 proles
304 3058 486 3134 parentibus.

161 3287 164 3292 A
192 3181 193 3184 ‘
228 3259 230 3265 .
263 3218 302 3277 u.
321 3225 385 3277 145.
410 3218 467 3275 na
488 3214 618 3277 tauta.
665 3198 667 3202 ’

43 3332 96 3392 ula
119 3336 134 3393 Ι
138 3336 161 3395 Ι.
176 3333 303 3413 Croputa
313 3352 386 3413 rope
396 3337 521 3405 remotis,
542 3337 661 3395 subinde*
674 3345 765 3397 tornea
776 3336 908 3396 mortalis.

45 3413 71 3471 Ι.
83 3415 217 3472 Ebrietas
225 3421 264 3471 eat
276 3434 309 3470 ex
316 3434 418 3550 deum
427 3436 477 3474 suo
487 3414 619 3474 mortalia.
636 3417 689 3475 IV.
703 3415 777 3473 Gula
788 3415 909 3493 quinque

43 3493 97 3550 ido
110 3493 294 3551 conmittitur.

43 3611 118 3671 UlD
139 3622 184 3672 eat
195 3613 267 3691 gula
280 3619 293 3673 Ρ
475 3677 478 3681 .

57 3693 93 3751 R.
110 3693 166 3753 Est
187 3693 372 3753 inordinatus
384 3693 534 3772 appetitus
547 3694 608 3756 cibi
620 3696 672 3756 uel
690 3695 799 3776 pottisz
824 3695 908 3755 unde

43 3769 122 3828 fciter
131 3773 351 3850 bocpeccatum
367 3776 517 3918 opiplmisstti
528 3785 652 3858 potest:

344 3493 538 3574 ‚Filioegola
560 3494 614 3553 Vl.
634 3495 755 3554 Virtutes
764 3493 905 3573 opposito.
