2160 4072
296 42 381 116 Quot
392 52 516 120 peceato
529 43 600 101 facit
619 42 681 112 ille,
707 41 760 119 qui
770 39 965 116 culpabiliter
974 39 1080 96 omitti

254 124 328 200 pere
340 120 547 181 detrahentem
559 123 648 181 sumae
661 123 792 191 ulterius,
814 119 865 178 vel
886 119 1021 178 uomit
1046 145 1051 169 ι

255 201 412 282 injustitie)
424 207 569 280 peccem?

299 285 324 343 Ι.
347 284 383 341 R.
409 283 488 343 Dist.
504 283 536 342 si
557 283 648 342 solum
672 304 709 342 ex
733 281 876 340 charitate
889 288 1028 339 teneatur
1062 307 1067 330 a

256 362 413 422 committit
426 363 487 421 duo
500 374 620 441 peccatu
632 374 736 422 eontra
749 362 932 432 ehuitatem,
952 376 1048 419 uuum

258 441 704 522 detrahentis‚cujuspeoeetum
713 439 1053 518 nouimpedit,etuliud
1076 465 1077 469 ¹

256 521 349 594 illius,
372 523 421 582 cui
445 524 622 594 detrahitur,
649 525 721 601 quie
740 540 801 580 nou
821 520 948 599 impedit
966 521 1075 579 dumnu

257 603 346 662 fame
356 625 366 674 3
376 603 458 662 unde
467 604 491 661 si
504 601 796 682 plurthusdetrehat,
806 602 927 660 eatenus
937 612 982 661 tot
991 616 1046 681 pec
1054 626 1073 650 v>

261 696 335 761 quot
344 693 415 741 sunt
427 702 572 761 persone,
584 685 697 762 quihus
710 683 849 743 detrahit.

298 762 331 823 Si
344 773 443 822 autem
457 784 494 822 ex
503 764 620 842 justitie
632 766 783 842 corripere
801 771 949 832 teneatur,
962 778 991 820 v.
1005 783 1037 839 g.
1050 780 1080 838 q-

260 843 397 909 suhditus
420 863 518 902 eorum
532 845 597 923 ipso
616 844 801 915 detrahebat,
815 853 920 922 peccat
939 841 1064 919 coutraj

259 933 398 1005 respectu
412 924 545 996 subditi3
572 944 610 983 un
635 928 704 983 rerh
719 924 807 982 etiam
821 934 926 1003 peooet
938 932 1043 981 contre
1053 941 1079 998 J.

259 1016 398 1081 respectu
408 1004 499 1071 illius,
513 1005 562 1064 cui
577 1004 754 1074 detrahitur,
764 1000 916 1062 sihiuuou
930 1004 968 1062 sit
982 1002 1080 1061 subdi

259 1096 383 1161 putatur
389 1108 400 1157 3
416 1085 612 1145 verosimilius
626 1085 746 1144 videtur
760 1084 841 1162 quod
855 1103 925 1154 uon,
947 1085 1018 1161 quia
1032 1102 1068 1140 ex

253 1183 322 1236 ,non
334 1174 452 1222 tenetur
465 1166 576 1225 malum
589 1180 649 1224 nun
664 1164 777 1224 subditi
790 1163 954 1242 impedium
968 1162 1058 1222 sicuti
1077 1188 1080 1212 ι

258 1243 342 1305 niter
369 1244 493 1309 docetur
520 1246 600 1323 quod
623 1245 826 1306 confessarius
848 1244 987 1302 omittens
1013 1242 1078 1301 cul

258 1322 379 1382 mouere
388 1324 582 1402 poeniteutuh
590 1325 629 1385 tle
637 1326 825 1385 restitutione
836 1316 982 1394 faciende,
992 1340 1053 1382 non
1066 1334 1079 1380 t

263 1403 301 1461 ud
315 1404 530 1464 restitutionem
540 1407 638 1477 tertio,
650 1407 699 1465 cui
712 1404 860 1465 restitutio
874 1403 1049 1463 debebatur.

302 1484 433 1544 Autoine
446 1485 521 1556 vult,
536 1486 625 1545 talem
646 1487 772 1544 influere
789 1497 934 1562 tauquam
957 1493 978 1519 ‘⁶
988 1494 1074 1543 mutu

261 1575 296 1629 ut
310 1565 377 1642 quis
387 1577 522 1625 teneatur
531 1577 567 1626 ut
574 1578 690 1641 mutus,
704 1566 824 1625 videtur
836 1565 960 1642 requiri,
969 1576 1006 1623 ut
1018 1576 1080 1622 teti:

260 1644 501 1722 'justitiemulum
516 1647 661 1725 impedire
678 1647 712 1705 iu
736 1647 850 1716 ordine,
872 1664 912 1703 ue
937 1646 1046 1704 tertius
1069 1642 1079 1700 l

260 1723 372 1782 “influit
385 1724 504 1803 quidem
517 1728 549 1786 in
569 1736 736 1805 peceatum,
757 1744 866 1804 nempe
885 1725 1043 1804 privative,
1072 1750 1077 1775 :

554 1804 564 1823 Ο

262 1806 405 1879 quatenus
418 1806 503 1865 alteri
522 1807 709 1887 injuriosum.
751 1808 797 1867 ltu
818 1805 966 1866 Dsolmsu
980 1806 1048 1864 “de
1068 1830 1075 1855 ι

262 1882 408 1943 observas
422 1894 449 1956 9.
785 1916 787 1921 ⁴
