2152 4066
125 106 190 177 302
493 124 699 171 anscausus·

166 272 223 332 Vl.
234 272 342 350 Neque
353 269 433 330 valet
443 269 554 349 paritas
564 291 632 331 cum
642 268 814 340 homicidio,
847 271 899 330 uia
907 277 1004 329 statas
1012 269 1073 333 rita

125 363 234 413 nostra
245 352 416 411 honestaret
426 352 483 430 pia
492 371 552 410 non
559 351 687 410 includit
697 290 1071 431 pericula‘iromicidiorum,

127 433 216 493 sicuti
231 432 364 493 continet
373 432 508 509 pericula
521 442 552 491 et
563 433 647 510 quasi
661 431 866 491 necessitatem
880 431 1068 493 tentationum

126 511 336 582 sensualitatis,
357 523 388 570 et
400 511 469 570 ideo
482 512 577 590 major
587 522 633 571 est
646 511 789 589 obligatio
803 510 922 570 vitandi
934 508 1024 568 etiam
1036 512 1067 572 lo

126 594 223 653 viores
237 611 340 652 causas
350 591 513 662 homicidii,
529 594 618 670 quim
632 591 865 651 commotionum
880 589 1051 652 carnalium.
1075 651 1076 673 χ

166 673 299 744 Deinde,
313 672 410 751 positt
435 677 524 732 caust
546 672 710 743 homicidii,
733 671 917 751 supponitur
929 689 993 727 non
1016 689 1062 735 esa
1074 708 1076 751 l

124 753 250 832 amplius
273 753 306 811 in
319 762 419 811 nostra
432 763 578 830 potestate
589 753 665 811 illud
678 752 825 831 impedire
838 773 848 823 ;
865 750 965 830 positt
980 761 1061 813 auten

126 836 217 893 causi
232 843 377 904 motuum,
392 844 438 892 est
450 833 551 892 adhuc
560 833 662 910 aliquo
671 834 762 891 modo
771 834 804 891 in
817 843 921 890 nostra
931 841 1059 909 potestate

125 914 192 973 illos
200 913 360 993 impedire,
368 933 408 972 ne
422 913 602 982 exoriantur,
616 925 668 972 aut
681 913 783 972 saltem
792 922 913 971 exortos
930 910 1058 973 cohibere.

166 995 305 1054 Tandem
325 993 521 1053 homicidium
541 1004 586 1053 est
607 993 728 1054 effectus
742 992 838 1072 pejor,
854 994 948 1072 quim
974 993 1059 1055 similis

125 1075 295 1135 commotio.

168 1156 241 1215 VII.
256 1154 308 1214 Ad
322 1154 461 1215 ultimum
475 1155 535 1215 dici
559 1164 666 1232 potest,
688 1164 787 1215 motus
806 1155 874 1213 illos
894 1173 961 1212 esse
974 1173 1058 1231 pecca·

124 1247 190 1294 tum
204 1236 331 1307 veniale,
345 1257 406 1294 non
420 1236 458 1295 ob
473 1235 652 1314 parvitatem
667 1234 806 1306 materias,
819 1235 918 1313 qualis
932 1233 983 1292 hic
993 1244 1060 1294 extra

125 1317 346 1375 matrimonium
360 1336 421 1375 non
435 1316 533 1387 datur,
559 1316 612 1374 sed
641 1317 680 1375 ob
707 1314 998 1385 indeliberationem,
1012 1315 1060 1375 sive

126 1397 164 1454 ob
189 1397 446 1475 imperfectionem
461 1396 631 1466 voluntarii,
656 1397 727 1474 quia
751 1396 822 1456 licet
841 1394 1060 1473 praevideantur,

126 1475 194 1535 caim
209 1477 348 1555 equidem
362 1497 461 1546 causa,
476 1487 511 1536 ut
522 1477 711 1554 supponitur,
720 1496 781 1535 non
796 1477 833 1536 sit
844 1479 886 1534 ita
896 1476 1060 1554 propinqua,
1074 1480 1076 1486 ⁴

126 1577 183 1615 nec
196 1577 251 1635 per
265 1578 296 1616 se
310 1559 437 1616 tendens
458 1558 497 1616 ad
517 1557 676 1628 luxuriam,
698 1567 796 1616 motus
819 1555 863 1614 illi
877 1555 940 1614 dici
953 1568 1062 1632 possunt

127 1657 188 1694 non
212 1638 283 1697 satis
311 1636 472 1698 voluntarii
494 1649 524 1697 et
545 1637 711 1707 deliberati,
732 1637 860 1695 maxime
882 1637 949 1696 etim
970 1635 1076 1712 murier

128 1732 223 1774 causae
244 1735 306 1776 non
327 1718 385 1777 nisi
406 1718 579 1778 difficillime
599 1717 826 1795 vitaripossint,
848 1735 882 1775 ac
897 1715 1076 1780 subindtsta

127 1797 307 1873 periculum,
322 1817 370 1868 ne,
385 1799 410 1857 si
424 1800 492 1877 quis
505 1801 606 1857 exacte
632 1798 742 1858 similes
766 1817 869 1857 causas
882 1797 978 1855 vitare
991 1796 1060 1866 uelit,

126 1877 158 1933 iu
172 1877 311 1953 graviora
323 1877 511 1938 incommoda
524 1878 618 1938 cadat

169 1959 216 2016 Ex
230 1959 377 2017 sententia
400 1959 442 2018 sio
470 1959 616 2038 explicata
639 1960 777 2031 infertur,
808 1959 849 2019 1⁰.
868 1977 931 2017 non
951 1976 1062 2036 peccare

126 2038 302 2110 mortaliter,
313 2039 365 2116 qui
376 2039 513 2098 affectum
524 2038 611 2117 paulb
621 2041 811 2099 curiosiorem
825 2039 892 2118 figit
902 2039 936 2096 in
946 2039 1063 2117 aliqum

127 2139 296 2195 personam,
312 2131 364 2178 aut
378 2120 484 2178 leviter
495 2119 612 2178 excedit
623 2122 654 2178 in
665 2132 748 2199 potu,
762 2122 817 2179 etsi
830 2118 1063 2198 praevideatinde

128 2200 208 2257 leves
222 2212 320 2258 motus
335 2211 497 2270 secuturos,
519 2200 605 2259 modb
621 2222 670 2259 eos
684 2221 745 2259 non
759 2201 896 2259 intendat
911 2200 1013 2278 eisque
1024 2218 1066 2257 rs-

130 2280 224 2350 sistat,
240 2298 274 2337 ac
290 2280 368 2338 desit
380 2280 547 2359 periculum
562 2284 730 2341 consensus.

169 2359 211 2419 2⁰.
227 2359 317 2418 Illum
332 2380 455 2438 peccare
468 2361 640 2432 mortaliter,
657 2363 709 2440 qui
721 2362 783 2421 sine
792 2363 876 2440 justa
891 2381 982 2421 causa
993 2362 1069 2440 ponit

128 2453 182 2500 aaut
195 2441 350 2500 continuat
363 2442 520 2512 actionem,
535 2442 590 2500 etsi
605 2442 642 2501 de
657 2463 688 2501 se
709 2444 863 2501 venialiter
876 2444 994 2501 tantirm
1013 2462 1068 2503 ma·

129 2523 197 2591 lam,
213 2541 250 2579 ex
261 2542 320 2599 qua
335 2521 494 2581 vehemens
509 2521 666 2581 delectatio
679 2543 805 2582 venerea
820 2532 870 2580 aut
884 2521 1012 2600 pollutio
1030 2543 1062 2582 ss·

130 2602 243 2676 quitur,
258 2613 310 2661 aut
320 2603 425 2661 merim
435 2603 534 2661 timeri
543 2602 666 2675 debuit3
677 2604 744 2662 talis
755 2603 834 2660 enim
846 2601 971 2661 effectus
982 2604 1021 2661 ita
1030 2616 1060 2665 aa

130 2681 287 2753 dedecens,
302 2695 337 2742 ut
350 2684 381 2741 in
394 2683 549 2743 honestate
562 2685 631 2742 vitae
643 2682 823 2741 omnimodo
837 2683 876 2740 sit
890 2683 1033 2742 vitandus.

172 2763 354 2832 Notandum,
370 2764 449 2842 quid
464 2784 524 2822 non
535 2764 627 2822 omnis
641 2774 739 2822 motus
759 2783 797 2821 ex
811 2782 901 2822 causa
914 2764 1071 2825 mortalita

130 2843 207 2900 mala
220 2855 312 2914 ortus,
327 2845 395 2903 ideo
405 2844 443 2902 sit
453 2843 603 2914 mortalis;
618 2864 686 2901 nam
701 2855 800 2923 potest
813 2843 890 2922 quid
899 2862 936 2901 ex
949 2845 1069 2922 proprio,⁴

132 2924 250 3001 objecto
264 2944 328 2983 esse
346 2924 478 2994 mortale,
498 2923 569 2982 licet
583 2924 801 2984 consideratum
812 2935 845 2983 ut
855 2936 901 2982 est
916 2944 1003 2982 causa
1013 2945 1055 2984 mo·

130 3016 226 3074 tuum,
242 3023 302 3062 non
316 3005 355 3063 sit
367 3005 425 3062 nisi
446 3004 577 3077 veniale;
601 3007 625 3065 si
640 3025 747 3084 nempe
770 3006 800 3065 ir.
827 3005 932 3085 ordine
956 3004 994 3062 ad
1012 3005 1055 3065 illu

133 3094 231 3141 rnotus
245 3104 304 3142 non
320 3086 358 3144 sit
372 3085 442 3144 satis
456 3085 678 3157 voluntarium3
699 3085 741 3144 ita
762 3084 889 3143 ebrietas
904 3096 1055 3161 potestesse

133 3175 291 3240 peccatum
302 3165 427 3224 mortale
440 3165 473 3222 in
483 3167 597 3225 ratione
607 3165 853 3244 intemperantiae,
876 3175 907 3222 et
921 3165 1011 3224 solum
1022 3185 1055 3224 rs·

133 3245 213 3302 niale
238 3247 268 3303 in
293 3246 407 3304 ratione
429 3246 564 3318 luxuria,
593 3247 617 3304 si
641 3266 751 3324 nempe
764 3245 832 3324 quis
844 3265 907 3303 non
920 3247 990 3305 satis
1001 3248 1056 3304 bens

133 3327 266 3402 potuerit
279 3337 309 3386 et
322 3327 460 3386 debuerit
473 3329 649 3407 praevidere,
675 3347 712 3386 ex
737 3326 789 3386 illa
813 3325 957 3385 ebrietate
982 3339 1057 3386 motu

136 3417 299 3466 secuturos.

178 3489 319 3546 Finaliter
334 3499 413 3558 nota,
429 3488 518 3566 quud,
540 3490 611 3548 dum
633 3509 730 3548 causae
750 3500 821 3549 sunt
840 3489 1009 3566 propinque
1024 3488 1057 3544 in·
1068 3493 1076 3509 '¹

135 3568 270 3638 fluentes,
286 3567 334 3626 vel
348 3588 401 3644 per
415 3589 446 3627 se
456 3570 611 3628 tendentes
632 3570 670 3629 ad
683 3570 844 3641 luxuriam,
873 3569 926 3627 vix
949 3587 1032 3646 unqu
1043 3595 1052 3617 a

130 3660 232 3707 nrotus
246 3650 263 3707 a
276 3648 363 3727 gravi
377 3651 513 3709 excusari
524 3652 660 3730 possint3
680 3650 753 3708 adeo
768 3662 802 3708 ut
815 3648 980 3709 moderatio
990 3667 1037 3727 sup

122 3730 198 3788 adiri
203 3731 267 3792 bita
282 3733 400 3793 tantum
409 3733 513 3793 locum
522 3733 641 3790 babere
650 3729 843 3806 postumum
850 3741 1025 3805 causeum
1053 3764 1058 3768 ·

114 3814 281 3892 accidens,
299 3828 356 3879 aut
370 3814 523 3878 remotius
534 3812 716 3873 imbuentes,
