2160 4072
282 49 352 99 vatu
363 39 460 106 facile,
475 48 505 96 et
521 39 618 96 Adam
633 47 677 95 tot
686 48 738 94 aut
750 39 840 94 tantis
851 39 954 112 gratiis
964 39 1062 93 munit

281 119 377 194 magis
390 119 467 178 certi
482 117 628 196 speranda
641 126 718 175 esset
737 115 965 193 perseverantia,
988 118 1078 192 quim

283 197 495 276 pravaricatio.
535 250 537 254 ,

321 278 451 353 Quidam
461 277 500 336 ad
510 275 718 353 explicandum
731 275 931 333 voluntarium
942 277 1057 353 peccati
1077 303 1080 327 ι

283 360 411 437 fingunt,
422 358 503 436 quod
517 357 614 416 Adam
629 355 792 414 voluntarie
804 356 891 413 istam
905 355 1074 414 conditione

282 440 389 500 caverit
400 461 409 509 ;
432 436 484 496 sed
497 447 692 516 proeterquam
707 435 786 513 quud
808 434 892 494 Deus
915 455 976 493 non
998 435 1062 494 indi

282 539 426 581 consensu
436 517 568 576 adhunc
582 515 728 586 effectum,
742 514 818 574 illud
838 515 1042 574 difficultatem

274 601 337 660 nus
350 599 446 658 solvit.

324 681 372 738 Ex
388 678 474 736 dictis
486 688 579 756 patet,
590 698 681 756 quare
695 697 755 735 non
766 677 974 737 contrahamus
988 697 1078 754 pecca

283 778 400 819 morum
413 770 579 836 parentum,
593 758 663 817 licet
675 758 706 815 in
717 757 790 836 ipsis
803 757 947 816 fuerimus
960 758 1073 816 secund

283 839 382 898 nalem
391 838 543 905 rationem,
554 858 650 915 neque
662 837 718 895 alia
730 848 860 914 peccata,
870 857 938 914 quae
948 837 1046 896 Adam
1058 858 1078 914 p

285 939 346 978 sam
353 918 499 998 justitiam
507 917 679 995 originalem
689 917 786 994 potuit
794 918 976 976 committere
986 941 997 989 3
1009 919 1078 994 quia

284 1011 385 1058 nostra
398 996 511 1057 tantum
524 999 583 1057 fuit
595 998 754 1056 constituta
774 997 806 1055 in
820 994 972 1056 voluntate
992 997 1061 1056 Ada
1078 1025 1080 1049 ι

286 1079 397 1138 dinead
405 1079 633 1138 conservandam
638 1077 685 1135 vel
693 1076 882 1135 amittendam
884 1076 1032 1155 justitiam
1040 1097 1072 1135 or

327 1159 364 1215 V.
380 1160 464 1216 Patet
474 1158 572 1228 etiam,
588 1157 668 1235 quid
682 1157 706 1215 si
716 1156 777 1215 sola
791 1158 856 1215 Eva
868 1169 1029 1234 peccasset,
1039 1178 1079 1234 po

289 1237 502 1297 contraxissent
514 1249 668 1314 peccatum
681 1237 843 1313 originale3
859 1237 928 1314 quia
943 1237 1042 1296 Adam
1074 1263 1078 1287 ι

287 1336 347 1375 non
359 1319 424 1377 Eva
437 1318 613 1376 constitutus
625 1317 683 1375 fuit
696 1327 785 1394 caput
797 1326 929 1374 nostrum
943 1317 1068 1376 morale:

289 1399 373 1457 Rom.
384 1417 447 1474 cap.
458 1404 486 1456 5.
495 1417 524 1459 v.
536 1404 582 1456 lt.
595 1396 668 1455 dicit
676 1395 855 1474 Apostolus:
872 1404 892 1430 “
904 1399 960 1454 Per
971 1417 1066 1455 unum

288 1485 308 1512 “
321 1491 475 1556 peccatum
489 1477 520 1534 in
534 1476 614 1535 hunc
624 1477 769 1535 mundum
779 1476 901 1534 intravit
910 1480 939 1548 ;''
951 1477 1062 1536 sienim
1079 1509 1080 1546 ;

284 1557 430 1636 ‚originale
436 1557 522 1616 etiam
529 1559 566 1615 ab
575 1558 640 1615 Eva
646 1556 911 1626 transfunderetur,
916 1557 979 1635 jam
988 1576 1078 1634 nonp

288 1637 398 1714 sedper
409 1637 484 1696 duos
493 1636 627 1694 homines
637 1647 791 1714 peccatum
800 1637 831 1694 in
839 1636 920 1695 hunc
928 1636 1074 1695 mundum

329 1718 385 1775 vl.
409 1717 441 1777 si
463 1717 560 1776 Adam
584 1727 744 1793 peccasset,
769 1726 798 1774 et
819 1736 879 1775 nou
904 1718 979 1780 Eva,
1003 1716 1063 1775 adh

288 1807 411 1872 peccato
420 1796 556 1873 originali
570 1796 695 1855 fuissent
707 1795 829 1867 infecti;
851 1796 921 1875 quia
933 1796 1008 1875 ipse,
1023 1808 1074 1855 tan

288 1887 345 1953 put
358 1876 476 1944 morale,
491 1895 647 1952 personam
656 1876 748 1935 totius
757 1877 876 1953 generis
886 1876 1025 1936 humanis
1040 1897 1077 1936 ex

290 1955 396 2008 naliter
409 1955 613 2008 descendentis
628 1957 757 2008 serebat.
