2160 4072
271 68 336 127 quae
349 56 419 107 sunt
432 58 535 106 eontra
548 47 626 106 bona
640 47 795 117 exteriora,
814 47 891 106 sieut
911 57 956 106 est
976 47 1080 107 furtu

270 126 834 208 hujusmodi3m1nusautempeccstis‚
850 127 1073 205 quaesuntdrr

270 220 318 269 tra
332 211 442 278 Deum,
455 218 485 265 et
497 217 629 284 peccato,
641 206 723 286 quod
733 218 778 266 est
791 219 893 305 contro
906 207 998 266 vitam
1011 208 1074 266 hoo

271 291 345 359 nuti,
359 289 436 347 s1cut
446 297 491 345 est
502 286 701 346 homicidium.

313 372 372 429 Pro
385 367 586 445 dignoscenda
595 368 741 446 gravitate
750 377 939 446 peccatorum
951 368 1076 427 secund

272 469 341 508 nem
351 449 507 516 virtutum,
523 448 633 541 quibus
646 459 847 525 opponuntur,
867 448 1050 526 praecipuea

233 597 237 608 Ι
272 531 345 588 bent
358 527 511 606 sequentia
524 525 647 606 sprisim
658 547 695 586 ex
710 529 739 588 S.
755 528 862 587 Thom.
878 527 1011 586 collecte.

312 611 347 668 V.
374 609 458 666 Inter
471 626 572 665 omnes
586 608 720 679 virtutes,
735 607 913 685 dignissimae
927 620 997 666 sunt
1011 608 1073 667 Th

272 689 406 765 adeoque
424 696 546 764 peecata
565 687 624 746 illis
642 688 777 766 opposite
798 688 957 746 seeundum
978 707 1019 756 se,
1044 709 1076 747 se

183 831 190 847 ,
272 789 369 838 suum,
379 767 443 826 aliis
450 775 520 825 sunt
528 767 672 844 graviora.
695 768 725 827 S.
736 767 842 826 Thone
854 776 918 827 22.
934 779 1039 845 quaest.
1054 775 1080 825 3=

313 848 387 907 cum
396 847 488 925 igitur
498 846 624 907 charitas
633 847 672 906 sit
681 848 759 905 inter
768 847 963 925 Theologicas
969 846 1080 925 dignis

272 939 332 997 tus,
346 927 449 989 odium
464 926 523 986 Dei
534 939 579 986 est
591 927 723 987 omnium
736 937 924 1006 peccatorum
944 927 1080 1006 gravissi

277 1009 386 1068 Thom.
395 1016 426 1070 2.
436 1016 464 1069 2.
477 1024 582 1084 quaest.
594 1014 641 1066 24.
655 1018 710 1067 ert.
724 1017 754 1068 2.

313 1088 455 1166 Sequitur
467 1086 638 1160 infidelitas,
658 1089 720 1147 sive
733 1098 854 1166 peccate
864 1100 968 1148 contra
980 1088 1070 1146 fidem

271 1178 394 1247 peccata
407 1175 509 1226 contra
522 1187 614 1245 spem.
635 1169 664 1228 S.
681 1169 788 1228 Thom.
803 1177 831 1228 2.
846 1177 874 1227 2.
889 1189 917 1246 q.
933 1176 981 1226 20.
995 1180 1052 1227 art
1070 1184 1080 1203 ἰ

271 1249 368 1308 .VI.
380 1249 451 1306 Post
465 1247 590 1306 virtutes
602 1248 799 1326 Theologreas
805 1248 924 1326 dignior
930 1248 1079 1326 estrehgr

272 1349 362 1407 quam
370 1326 531 1387 maximum
538 1337 693 1405 peecatum
703 1339 747 1387 est
754 1328 929 1399 1dololatr1a
936 1328 1074 1386 deindes

271 1409 406 1469 ordinem
426 1406 618 1485 blasphemia,
643 1408 750 1486 magis,
771 1409 944 1503 perjurium,
959 1408 1063 1466 sacrile

272 1489 380 1548 mortis.
393 1486 497 1564 Aliqui
501 1486 704 1547 idololatriam
717 1499 824 1566 putant
837 1489 959 1566 gravius
969 1507 1033 1547 esse
1046 1508 1080 1566 p:

271 1571 358 1647 quim
371 1577 493 1646 peccata
506 1565 667 1626 virtutibus
682 1567 871 1645 Theologicis
891 1567 1037 1647 opposita.

271 1649 341 1707 vide
356 1648 388 1706 S
401 1647 508 1706 Thom.
524 1655 553 1706 2.
567 1655 594 1706 2.
608 1657 710 1724 quaest.
726 1656 775 1717 94.
789 1655 883 1707 arus.

272 1773 275 1779 .
312 1727 395 1786 Inter
406 1736 529 1805 peccata
551 1726 583 1784 in
596 1727 777 1804 proximum,
792 1728 892 1786 odium
905 1728 1034 1804 proximi
1048 1749 1079 1785 ιιι

271 1818 318 1866 est
327 1807 426 1885 quoad
439 1805 575 1865 affectum
579 1829 589 1878 ς
604 1806 657 1865 sed
666 1806 794 1866 maxima
807 1806 981 1885 simpliciter
992 1819 1064 1866 sunt

271 1887 425 1946 subversio
438 1885 621 1964 reipublicae‚
633 1896 664 1945 et
671 1886 864 1945 homicidium
875 1910 885 1958 ;
898 1886 1008 1945 deinde
1022 1888 1061 1946 ad

271 1967 447 2009 nnntnmnllo
474 1966 621 2008 nnlsrmnio
648 1965 792 2009 rlotmuntin
815 1967 916 2008 sonim
944 1967 1059 2009 firminum
