2160 4072
428 116 474 164 nu
497 116 574 163 oro
660 58 664 63 Ι
946 94 990 163 17

53 258 130 342 enjus
143 259 340 341 perficiatur3
353 282 451 322 necex
461 262 589 324 essentia
599 271 630 321 et
642 260 819 333 existentia3
834 258 905 338 quia
918 260 990 320 aliis

53 344 173 402 ssentia
187 343 304 402 essetin
313 344 448 422 potentia
455 344 494 402 ad
504 342 701 411 existendum,
713 342 794 420 quod
804 341 864 400 dici
874 341 990 437 nequit,

53 422 112 483 alm
122 424 324 483 necesfflam
338 424 370 482 in
385 444 416 483 se
429 424 616 483 existentiam
643 423 787 493 includat,
800 422 861 480 imo
879 421 911 479 in
924 440 991 501 ipso

53 522 108 563 esse
122 504 142 564 a
156 524 191 563 se
203 504 425 563 constituaturr
445 524 502 564 nee
525 523 562 563 ex
585 513 691 563 natura
704 515 735 561 et
760 500 989 582 personalitate:

53 585 115 662 quia
123 585 322 664 personalitas
335 586 373 643 ab
386 586 513 645 essentia
524 604 586 643 non
597 582 800 661 distinguitur.
1035 594 1038 599 '

84 666 134 726 V.
159 667 269 742 Neque
282 665 315 722 in
330 666 397 723 Deo
410 678 455 724 est
469 665 642 743 compositio
663 663 761 740 logica
768 687 779 735 ,-
800 663 872 741 quia
894 682 992 741 genus

53 755 91 802 est
104 746 184 823 quid
198 745 385 823 perfectibile
398 757 429 804 et
434 746 589 805 limitabile
594 766 648 824 per
659 744 855 804 differentiam
866 768 873 805 ε
884 742 992 802 deinde

53 845 145 900 genus
160 825 237 883 dicit
251 824 325 903 quid
339 845 432 884 unum
446 838 550 905 aptum
570 826 666 884 inesse
680 824 800 897 multis;
819 826 882 903 jam
891 835 992 883 autern

53 905 203 983 quidquid
213 904 245 963 in
260 908 328 965 Deo
342 917 396 977 est,
412 906 454 965 sic
468 908 495 965 ei
515 906 670 985 proprium
685 918 739 977 est,
760 916 795 964 ut
816 904 892 965 nulli
906 902 993 963 alteri

54 986 111 1043 enti
125 997 296 1062 competere
306 984 400 1064 possit
420 987 552 1045 univoci.

89 1067 174 1124 Deus
187 1066 288 1143 itaque
302 1077 347 1125 est
360 1077 444 1127 actus
465 1087 570 1145 purus,
597 1087 658 1125 non
679 1066 793 1125 habens
819 1064 937 1145 aliquid
949 1062 988 1122 de

58 1145 281 1222 potentialitate‚
300 1146 342 1206 ait
357 1147 387 1205 S.
401 1147 508 1217 Thom.
525 1157 579 1205 art.
594 1156 622 1206 2.
639 1148 672 1205 in
687 1154 707 1180 ·‘
718 1142 824 1226 Corp.’'
844 1145 907 1205 sive
930 1164 992 1203 non

58 1224 166 1286 habens
177 1227 371 1306 capacitatem
386 1236 420 1286 ut
433 1227 612 1306 perficiatur.

91 1306 160 1385 Obj.
177 1306 331 1385 Scriptura
344 1302 451 1367 tribuit
471 1308 538 1368 Deo
552 1328 618 1387 quae
638 1318 708 1366 sunt
721 1306 840 1386 corpori
852 1307 983 1385 propria,

54 1395 86 1444 ut
102 1386 213 1456 oculos,
233 1388 365 1459 brachia,
385 1399 449 1449 etc:
468 1408 551 1467 ergo,
573 1400 629 1449 etc.

91 1467 125 1525 R.
139 1466 230 1547 Nego
241 1486 338 1527 consa
360 1468 430 1549 quia
452 1468 504 1528 illa
527 1470 594 1529 Deo
615 1468 790 1528 tribuuntur
817 1466 989 1547 improprie,

56 1564 102 1605 seu
108 1548 309 1627 metaphorice
317 1570 372 1629 per
383 1548 543 1628 quamdam
554 1549 719 1627 analogiam
729 1547 990 1607 etsimilitudinem

57 1626 90 1684 ad
101 1639 271 1688 creaturas:
293 1630 335 1689 sic
352 1650 407 1708 per
435 1628 537 1689 oculos
547 1630 725 1708 intelligitur
739 1629 936 1708 perspicuitas
959 1640 989 1687 et

57 1708 183 1778 scientia,
204 1719 235 1767 et
247 1731 302 1787 per
322 1710 478 1769 brachium
498 1711 639 1789 potentia,
660 1721 717 1770 etc.

92 1789 145 1846 VI.
168 1789 263 1848 Sicuti
292 1792 358 1849 Deo
381 1792 556 1850 tribuuntur
582 1792 724 1863 membra,
746 1792 788 1851 sic
812 1790 900 1849 etiam
913 1788 992 1849 licite

58 1866 228 1947 depingitur
241 1871 339 1949 specie
352 1877 493 1951 corporet
519 1884 640 1932 etcum
664 1871 805 1930 membris
831 1868 991 1938 humanis;
1073 1910 1077 1915 -

57 1946 104 2006 illa
123 1949 204 2006 enim
225 1948 338 2010 hebent
361 1953 651 2031 repraesentationem
675 1951 918 2029 metaphoricam,
943 1950 992 2008 vel

56 2027 139 2087 etiam
149 2029 184 2086 in
196 2029 234 2089 iis
245 2045 474 2109 representatur
484 2033 631 2102 historice,
641 2031 791 2110 quomodo
802 2031 886 2089 Deus
896 2049 928 2089 se
938 2030 991 2088 ali-

56 2108 173 2245 quando
186 2110 439 2172 manifestaverit:
463 2113 505 2171 sic
529 2114 612 2183 Deus
628 2115 714 2172 Pater
729 2111 803 2171 solet
823 2110 946 2189 depingi
959 2111 992 2168 in

66 2208 147 2249 orma
156 2191 337 2251 venerabilis
350 2194 446 2265 senis3
469 2194 539 2273 quia
552 2193 686 2254 Danielis
697 2213 761 2271 cap.
784 2198 810 2258 7.
827 2190 869 2251 sic
882 2191 995 2271 legitur

56 2268 245 2348 apparuisse:
267 2271 395 2351 Spiritus
407 2273 436 2332 S.
451 2274 482 2331 in
492 2275 590 2352 specie
601 2274 773 2345 Columbae3
798 2273 870 2351 quia
883 2271 995 2332 Matth.

56 2370 87 2408 ca
106 2360 159 2410 .3.
175 2351 219 2411 sic
233 2353 372 2431 apparuit
384 2355 417 2412 in
431 2355 612 2432 Baptismate
625 2354 745 2413 Christi.

86 2371 139 2490 hx
154 2430 245 2491 dictis
258 2433 437 2493 sufficienter
463 2434 611 2494 refutatus
633 2446 734 2495 manet
747 2454 829 2493 error
844 2434 996 2527 Antropo·

57 2510 283 2591 morphitarum,
304 2514 366 2592 qui,
380 2514 504 2573 authore
518 2515 632 2586 Audio,
645 2513 776 2594 primdm
791 2510 914 2593 quidem
925 2533 995 2572 srm-

56 2590 187 2668 plicitate
200 2593 322 2665 rustici,
342 2605 446 2674 postea
456 2597 544 2654 etiam
566 2596 757 2675 pertinaciter
768 2596 867 2653 Deum
890 2614 995 2672 corpo·

57 2690 137 2730 reum
151 2670 314 2733 finxerunt.
335 2675 419 2751 Quid
430 2675 636 2736 Tertullianus
650 2676 708 2735 htc
720 2676 750 2735 in
764 2684 849 2754 parte
861 2674 995 2744 senserit,

57 2752 237 2831 disputatur.

59 2836 143 2969 pAn
157 2832 221 2892 dici
241 2845 349 2913 potest,
370 2837 452 2914 qudd
464 2837 497 2895 in
515 2838 579 2896 Deo
594 2837 632 2897 sit
653 2836 828 2915 compositio
842 2857 878 2895 ex
898 2836 996 2895 tribus

87 2912 223 2975 ersonisl

93 2991 132 3051 R.
146 2996 227 3053 Cum
241 2994 271 3055 S.
292 2995 400 3055 Thom.
414 2997 447 3055 in
460 3006 489 3057 4.
505 2997 574 3056 dist.
591 3005 618 3057 8.
640 3019 670 3077 q,
682 3004 710 3059 5.
725 3008 781 3057 art.
795 3007 820 3057 1.
835 2996 972 3075 negative
987 3020 995 3057 ε

58 3072 124 3211 qpia
139 3074 280 3133 Personae
301 3076 349 3135 vel
372 3098 440 3137 curn
463 3079 590 3137 essentia
603 3089 795 3172 comparantq
812 3087 856 3147 ‚et
880 3078 922 3137 sic
935 3097 997 3136 non

77 3150 199 3214 'derunt
212 3156 251 3214 ab
265 3176 309 3229 ea,
323 3156 458 3237 adeoque
471 3178 526 3217 nec
537 3158 651 3217 faciunt
661 3098 904 3245 compos‘ihfhnem
915 3181 926 3229 ;
947 3157 998 3217 vel

59 3246 262 3319 comparantur
284 3236 323 3296 ad
344 3238 482 3310 invicem,
504 3250 533 3297 et
558 3238 600 3298 sic
623 3238 849 3317 distinguuntur
867 3236 996 3308 realiter,

60 3312 107 3375 ted
120 3336 159 3377 ex
173 3314 322 3395 illaparte
334 3338 396 3377 non
410 3330 455 3378 est
464 3320 543 3389 unio,
559 3319 690 3398 adedque
703 3340 759 3379 nec
774 3318 957 3398 compositio.

95 3394 167 3457 Dici
179 3406 282 3457 tamen
294 3410 394 3477 potest
415 3400 494 3479 qudd
519 3392 604 3459 Deus
619 3421 671 3459 seu
686 3400 791 3459 Deitas
814 3398 956 3459 subsistat
966 3396 999 3455 in

62 3474 150 3537 trilius
159 3477 311 3551 Personis,
322 3479 403 3559 qudd
414 3481 465 3540 SS.
477 3480 609 3539 Trinitas
619 3491 735 3541 constet
744 3480 842 3540 tribus
851 3478 998 3549 Personie,

64 3556 107 3617 ad
115 3556 318 3632 nullomodo,
340 3561 422 3641 qudd
434 3571 629 3640 componatur
643 3581 680 3621 ex
693 3560 790 3622 tribus
811 3560 957 3621 Personis.

501 3776 822 3878 03,-¹
