<?xml version="1.0" encoding="UTF-8"?>
<!DOCTYPE html PUBLIC "-//W3C//DTD XHTML 1.0 Transitional//EN"
    "http://www.w3.org/TR/xhtml1/DTD/xhtml1-transitional.dtd">
<html xmlns="http://www.w3.org/1999/xhtml" xml:lang="en" lang="en">
 <head>
  <title>
</title>
<meta http-equiv="Content-Type" content="text/html;charset=utf-8" />
  <meta name='ocr-system' content='tesseract 3.04.00' />
  <meta name='ocr-capabilities' content='ocr_page ocr_carea ocr_par ocr_line ocrx_word'/>
</head>
<body>
  <div class='ocr_page' id='page_1' title='image "./theologiamorali00densgoog_0176.png"; bbox 0 0 2152 4066; ppageno 0'>
   <div class='ocr_carea' id='block_1_1' title="bbox 326 39 1007 77">
    <p class='ocr_par' dir='ltr' id='par_1_1' title="bbox 326 39 1007 77">
     <span class='ocr_line' id='line_1_1' title="bbox 326 39 1007 77; baseline 0.003 -2"><span class='ocrx_word' id='word_1_1' title='bbox 326 39 372 75; x_wconf 71' lang='grc' dir='ltr'>Μ</span> <span class='ocrx_word' id='word_1_2' title='bbox 395 39 540 77; x_wconf 66' lang='lat' dir='ltr'>asculus</span> <span class='ocrx_word' id='word_1_3' title='bbox 563 39 733 77; x_wconf 69' lang='lat' dir='ltr'>nunnius·</span> <span class='ocrx_word' id='word_1_4' title='bbox 943 39 1007 77; x_wconf 80' lang='lat'>100</span> 
     </span>
    </p>
   </div>
   <div class='ocr_carea' id='block_1_2' title="bbox 58 172 1004 1305">
    <p class='ocr_par' dir='ltr' id='par_1_2' title="bbox 58 172 1003 334">
     <span class='ocr_line' id='line_1_2' title="bbox 94 172 1003 257; baseline 0.003 -24"><span class='ocrx_word' id='word_1_5' title='bbox 94 172 173 255; x_wconf 84' lang='lat' dir='ltr'>obj.</span> <span class='ocrx_word' id='word_1_6' title='bbox 202 176 324 249; x_wconf 75' lang='lat' dir='ltr'>Beatus,</span> <span class='ocrx_word' id='word_1_7' title='bbox 347 179 463 239; x_wconf 74' lang='lat' dir='ltr'>sublati</span> <span class='ocrx_word' id='word_1_8' title='bbox 480 180 593 240; x_wconf 79' lang='lat' dir='ltr'>visione</span> <span class='ocrx_word' id='word_1_9' title='bbox 608 179 677 249; x_wconf 90' lang='lat' dir='ltr'>Dei,</span> <span class='ocrx_word' id='word_1_10' title='bbox 704 188 803 257; x_wconf 86' lang='lat' dir='ltr'>potest</span> <span class='ocrx_word' id='word_1_11' title='bbox 829 196 942 239; x_wconf 85' lang='lat' dir='ltr'>cessare</span> <span class='ocrx_word' id='word_1_12' title='bbox 964 180 1003 237; x_wconf 87' lang='lat' dir='ltr'>ab</span> 
     </span>
     <span class='ocr_line' id='line_1_3' title="bbox 58 259 941 334; baseline 0.003 -20"><span class='ocrx_word' id='word_1_13' title='bbox 58 268 177 315; x_wconf 73' lang='lat' dir='ltr'>more:</span> <span class='ocrx_word' id='word_1_14' title='bbox 193 276 269 334; x_wconf 75' lang='lat' dir='ltr'>ergo</span> <span class='ocrx_word' id='word_1_15' title='bbox 281 276 366 318; x_wconf 72' lang='lat' dir='ltr'>arnor</span> <span class='ocrx_word' id='word_1_16' title='bbox 378 260 532 320; x_wconf 79' lang='lat' dir='ltr'>beatificus</span> <span class='ocrx_word' id='word_1_17' title='bbox 545 272 590 320; x_wconf 84' lang='lat' dir='ltr'>est</span> <span class='ocrx_word' id='word_1_18' title='bbox 602 260 680 319; x_wconf 87' lang='lat' dir='ltr'>iiber</span> <span class='ocrx_word' id='word_1_19' title='bbox 690 260 722 317; x_wconf 94' lang='lat' dir='ltr'>in</span> <span class='ocrx_word' id='word_1_20' title='bbox 735 279 822 318; x_wconf 91' lang='lat' dir='ltr'>sensu</span> <span class='ocrx_word' id='word_1_21' title='bbox 836 259 941 317; x_wconf 87' lang='lat' dir='ltr'>diviso.</span> 
     </span>
    </p>

    <p class='ocr_par' dir='ltr' id='par_1_3' title="bbox 58 333 1004 1062">
     <span class='ocr_line' id='line_1_4' title="bbox 98 333 1004 418; baseline 0.006 -25"><span class='ocrx_word' id='word_1_22' title='bbox 98 333 135 393; x_wconf 85' lang='lat' dir='ltr'>R.</span> <span class='ocrx_word' id='word_1_23' title='bbox 151 336 245 395; x_wconf 86' lang='lat' dir='ltr'><strong>Enim</strong></span> <span class='ocrx_word' id='word_1_24' title='bbox 258 356 327 417; x_wconf 81' lang='lat' dir='ltr'>neg.</span> <span class='ocrx_word' id='word_1_25' title='bbox 338 358 418 400; x_wconf 84' lang='lat' dir='ltr'>cons.</span> <span class='ocrx_word' id='word_1_26' title='bbox 427 343 498 418; x_wconf 83' lang='lat' dir='ltr'>quia</span> <span class='ocrx_word' id='word_1_27' title='bbox 507 343 626 409; x_wconf 81' lang='lat' dir='ltr'>Beatus,</span> <span class='ocrx_word' id='word_1_28' title='bbox 637 351 733 399; x_wconf 87' lang='lat' dir='ltr'>stante</span> <span class='ocrx_word' id='word_1_29' title='bbox 744 340 856 398; x_wconf 79' lang='lat' dir='ltr'>visione</span> <span class='ocrx_word' id='word_1_30' title='bbox 866 339 935 410; x_wconf 89' lang='lat' dir='ltr'>Dei,</span> <span class='ocrx_word' id='word_1_31' title='bbox 943 358 1004 398; x_wconf 84' lang='lat' dir='ltr'>non</span> 
     </span>
     <span class='ocr_line' id='line_1_5' title="bbox 62 413 1001 497; baseline 0.009 -26"><span class='ocrx_word' id='word_1_32' title='bbox 62 413 168 475; x_wconf 86' lang='lat' dir='ltr'>retinet</span> <span class='ocrx_word' id='word_1_33' title='bbox 180 418 345 497; x_wconf 83' lang='lat' dir='ltr'>potentiam</span> <span class='ocrx_word' id='word_1_34' title='bbox 359 420 398 480; x_wconf 83' lang='lat' dir='ltr'>sd</span> <span class='ocrx_word' id='word_1_35' title='bbox 409 439 471 479; x_wconf 91' lang='lat' dir='ltr'>non</span> <span class='ocrx_word' id='word_1_36' title='bbox 491 420 651 481; x_wconf 83' lang='lat' dir='ltr'>amandum</span> <span class='ocrx_word' id='word_1_37' title='bbox 668 422 778 489; x_wconf 91' lang='lat' dir='ltr'>Deum,</span> <span class='ocrx_word' id='word_1_38' title='bbox 801 421 863 479; x_wconf 87' lang='lat' dir='ltr'>sive</span> <span class='ocrx_word' id='word_1_39' title='bbox 876 420 914 478; x_wconf 85' lang='lat' dir='ltr'>ad</span> <span class='ocrx_word' id='word_1_40' title='bbox 939 439 1001 479; x_wconf 87' lang='lat' dir='ltr'>oes-</span> 
     </span>
     <span class='ocr_line' id='line_1_6' title="bbox 58 494 1003 572; baseline 0.006 -19"><span class='ocrx_word' id='word_1_41' title='bbox 58 494 189 555; x_wconf 76' lang='lat' dir='ltr'>&#39;undum</span> <span class='ocrx_word' id='word_1_42' title='bbox 212 498 253 558; x_wconf 80' lang='lat' dir='ltr'>ob</span> <span class='ocrx_word' id='word_1_43' title='bbox 272 519 396 572; x_wconf 75' lang='lat' dir='ltr'>emore;</span> <span class='ocrx_word' id='word_1_44' title='bbox 424 499 491 561; x_wconf 84' lang='lat' dir='ltr'>edm</span> <span class='ocrx_word' id='word_1_45' title='bbox 518 501 687 559; x_wconf 86' lang='lat' dir='ltr'>intellectus</span> <span class='ocrx_word' id='word_1_46' title='bbox 709 501 739 559; x_wconf 91' lang='lat' dir='ltr'>in</span> <span class='ocrx_word' id='word_1_47' title='bbox 764 500 814 559; x_wconf 83' lang='lat' dir='ltr'>itu</span> <span class='ocrx_word' id='word_1_48' title='bbox 840 500 1003 560; x_wconf 83' lang='lat' dir='ltr'>cessatione</span> 
     </span>
     <span class='ocr_line' id='line_1_7' title="bbox 68 572 1001 661; baseline 0.003 -28"><span class='ocrx_word' id='word_1_49' title='bbox 68 572 174 635; x_wconf 71' lang='lat' dir='ltr'>nudam</span> <span class='ocrx_word' id='word_1_50' title='bbox 183 579 406 639; x_wconf 84' lang='lat' dir='ltr'>rationemboni</span> <span class='ocrx_word' id='word_1_51' title='bbox 414 581 509 661; x_wconf 84' lang='lat' dir='ltr'>possit</span> <span class='ocrx_word' id='word_1_52' title='bbox 518 582 661 651; x_wconf 83' lang='lat' dir='ltr'>invenire,</span> <span class='ocrx_word' id='word_1_53' title='bbox 673 591 708 640; x_wconf 86' lang='lat' dir='ltr'>nt</span> <span class='ocrx_word' id='word_1_54' title='bbox 721 580 888 639; x_wconf 87' lang='lat' dir='ltr'>dictumest</span> <span class='ocrx_word' id='word_1_55' title='bbox 901 582 938 639; x_wconf 94' lang='lat' dir='ltr'>N.</span> <span class='ocrx_word' id='word_1_56' title='bbox 957 591 1001 640; x_wconf 86' lang='lat'>10.</span> 
     </span>
     <span class='ocr_line' id='line_1_8' title="bbox 71 654 1002 747; baseline 0.008 -34"><span class='ocrx_word' id='word_1_57' title='bbox 71 654 176 747; x_wconf 54' lang='lat' dir='ltr'>¹fill.</span> <span class='ocrx_word' id='word_1_58' title='bbox 201 658 365 719; x_wconf 76' lang='lat' dir='ltr'>Themistoe</span> <span class='ocrx_word' id='word_1_59' title='bbox 391 661 544 741; x_wconf 72' lang='lat' dir='ltr'>praefatam</span> <span class='ocrx_word' id='word_1_60' title='bbox 569 664 673 721; x_wconf 74' lang='lat' dir='ltr'>sensus</span> <span class='ocrx_word' id='word_1_61' title='bbox 696 661 850 738; x_wconf 83' lang='lat' dir='ltr'>compositi</span> <span class='ocrx_word' id='word_1_62' title='bbox 870 670 901 719; x_wconf 94' lang='lat' dir='ltr'>et</span> <span class='ocrx_word' id='word_1_63' title='bbox 913 661 1002 720; x_wconf 85' lang='lat' dir='ltr'>divisi</span> 
     </span>
     <span class='ocr_line' id='line_1_9' title="bbox 74 732 1000 818; baseline 0.006 -23"><span class='ocrx_word' id='word_1_64' title='bbox 74 732 279 798; x_wconf 81' lang='lat' dir='ltr'>distinctionem</span> <span class='ocrx_word' id='word_1_65' title='bbox 287 743 414 818; x_wconf 87' lang='lat' dir='ltr'>probant</span> <span class='ocrx_word' id='word_1_66' title='bbox 427 762 464 801; x_wconf 85' lang='lat' dir='ltr'>ex</span> <span class='ocrx_word' id='word_1_67' title='bbox 477 742 566 801; x_wconf 87' lang='lat' dir='ltr'>variis</span> <span class='ocrx_word' id='word_1_68' title='bbox 579 742 651 801; x_wconf 89' lang='lat' dir='ltr'>locis</span> <span class='ocrx_word' id='word_1_69' title='bbox 666 744 696 800; x_wconf 88' lang='lat' dir='ltr'>S.</span> <span class='ocrx_word' id='word_1_70' title='bbox 712 741 818 800; x_wconf 83' lang='lat' dir='ltr'>Thom.</span> <span class='ocrx_word' id='word_1_71' title='bbox 841 741 883 800; x_wconf 91' lang='lat' dir='ltr'>sic</span> <span class='ocrx_word' id='word_1_72' title='bbox 897 753 1000 818; x_wconf 71' lang='lat' dir='ltr'>quaest.</span> 
     </span>
     <span class='ocr_line' id='line_1_10' title="bbox 79 812 1001 900; baseline 0.001 -23"><span class='ocrx_word' id='word_1_73' title='bbox 79 812 172 877; x_wconf 59' lang='grc' dir='ltr'>ΜΩ</span> <span class='ocrx_word' id='word_1_74' title='bbox 187 818 337 881; x_wconf 82' lang='lat' dir='ltr'>Veritate&#39;&#39;</span> <span class='ocrx_word' id='word_1_75' title='bbox 351 832 404 882; x_wconf 78' lang='lat' dir='ltr'>art</span> <span class='ocrx_word' id='word_1_76' title='bbox 416 831 445 881; x_wconf 85' lang='lat'>4.</span> <span class='ocrx_word' id='word_1_77' title='bbox 459 822 498 881; x_wconf 92' lang='lat' dir='ltr'>ad</span> <span class='ocrx_word' id='word_1_78' title='bbox 509 830 537 883; x_wconf 89' lang='lat'>8.</span> <span class='ocrx_word' id='word_1_79' title='bbox 547 823 589 881; x_wconf 84' lang='lat' dir='ltr'>ita</span> <span class='ocrx_word' id='word_1_80' title='bbox 599 821 751 900; x_wconf 82' lang='lat' dir='ltr'>loquitur:</span> <span class='ocrx_word' id='word_1_81' title='bbox 768 822 913 880; x_wconf 86' lang='lat' dir='ltr'>“Dicitur</span> <span class='ocrx_word' id='word_1_82' title='bbox 921 842 1001 879; x_wconf 91' lang='lat' dir='ltr'>corn-</span> 
     </span>
     <span class='ocr_line' id='line_1_11' title="bbox 81 898 1000 981; baseline 0.005 -26"><span class='ocrx_word' id='word_1_83' title='bbox 81 898 221 971; x_wconf 83' lang='lat' dir='ltr'>“nuniter</span> <span class='ocrx_word' id='word_1_84' title='bbox 230 922 242 971; x_wconf 80' lang='lat'>3</span> <span class='ocrx_word' id='word_1_85' title='bbox 257 902 342 961; x_wconf 89' lang='lat' dir='ltr'>Deus</span> <span class='ocrx_word' id='word_1_86' title='bbox 354 913 452 981; x_wconf 87' lang='lat' dir='ltr'>potest</span> <span class='ocrx_word' id='word_1_87' title='bbox 461 922 521 962; x_wconf 93' lang='lat' dir='ltr'>non</span> <span class='ocrx_word' id='word_1_88' title='bbox 528 902 772 980; x_wconf 79' lang='lat' dir='ltr'>proedestinatum</span> <span class='ocrx_word' id='word_1_89' title='bbox 781 902 1000 979; x_wconf 74' lang='lat' dir='ltr'>praedestinare,</span> 
     </span>
     <span class='ocr_line' id='line_1_12' title="bbox 81 977 1004 1062; baseline 0.004 -26"><span class='ocrx_word' id='word_1_90' title='bbox 81 977 143 1037; x_wconf 78' lang='lat' dir='ltr'>“tel</span> <span class='ocrx_word' id='word_1_91' title='bbox 164 980 409 1057; x_wconf 71' lang='lat' dir='ltr'>predestinatum</span> <span class='ocrx_word' id='word_1_92' title='bbox 422 1002 482 1040; x_wconf 93' lang='lat' dir='ltr'>non</span> <span class='ocrx_word' id='word_1_93' title='bbox 495 983 713 1062; x_wconf 67' lang='lat' dir='ltr'>praedestinare,</span> <span class='ocrx_word' id='word_1_94' title='bbox 735 984 767 1041; x_wconf 91' lang='lat' dir='ltr'>in</span> <span class='ocrx_word' id='word_1_95' title='bbox 781 1001 868 1040; x_wconf 89' lang='lat' dir='ltr'>sensu</span> <span class='ocrx_word' id='word_1_96' title='bbox 882 1002 1004 1060; x_wconf 88' lang='lat' dir='ltr'>compo·</span> 
     </span>
    </p>

    <p class='ocr_par' dir='ltr' id='par_1_4' title="bbox 58 1059 1002 1305">
     <span class='ocr_line' id='line_1_13' title="bbox 83 1059 967 1133; baseline 0.003 -14"><span class='ocrx_word' id='word_1_97' title='bbox 83 1059 304 1133; x_wconf 59' lang='lat' dir='ltr'>“snutraim</span> <span class='ocrx_word' id='word_1_98' title='bbox 315 1062 348 1121; x_wconf 93' lang='lat' dir='ltr'>in</span> <span class='ocrx_word' id='word_1_99' title='bbox 361 1082 449 1123; x_wconf 90' lang='lat' dir='ltr'>sensu</span> <span class='ocrx_word' id='word_1_100' title='bbox 461 1062 559 1123; x_wconf 88' lang='lat' dir='ltr'>diviso</span> <span class='ocrx_word' id='word_1_101' title='bbox 568 1065 664 1121; x_wconf 84' lang='lat' dir='ltr'>vera.&#39;&#39;</span> <span class='ocrx_word' id='word_1_102' title='bbox 963 1104 967 1109; x_wconf 91' lang='lat'><em>-</em></span> 
     </span>
     <span class='ocr_line' id='line_1_14' title="bbox 58 1142 840 1220; baseline -0.001 -19"><span class='ocrx_word' id='word_1_103' title='bbox 58 1178 64 1191; x_wconf 88' lang='lat'><strong>·</strong></span> <span class='ocrx_word' id='word_1_104' title='bbox 105 1142 151 1201; x_wconf 83' lang='lat' dir='ltr'>Da</span> <span class='ocrx_word' id='word_1_105' title='bbox 180 1142 393 1219; x_wconf 77' lang='lat' dir='ltr'>repositionem</span> <span class='ocrx_word' id='word_1_106' title='bbox 407 1163 507 1203; x_wconf 86' lang='lat' dir='ltr'>veram</span> <span class='ocrx_word' id='word_1_107' title='bbox 520 1145 553 1202; x_wconf 92' lang='lat' dir='ltr'>in</span> <span class='ocrx_word' id='word_1_108' title='bbox 567 1163 655 1202; x_wconf 87' lang='lat' dir='ltr'>sensu</span> <span class='ocrx_word' id='word_1_109' title='bbox 670 1142 840 1220; x_wconf 86' lang='lat' dir='ltr'>composito.</span> 
     </span>
     <span class='ocr_line' id='line_1_15' title="bbox 58 1163 1002 1305; baseline 0.001 -27"><span class='ocrx_word' id='word_1_110' title='bbox 58 1228 60 1233; x_wconf 88' lang='lat'>&#39;</span> <span class='ocrx_word' id='word_1_111' title='bbox 107 1220 139 1280; x_wconf 84' lang='lat' dir='ltr'>R.</span> <span class='ocrx_word' id='word_1_112' title='bbox 154 1163 239 1281; x_wconf 55' lang='lat' dir='ltr'>ielis</span> <span class='ocrx_word' id='word_1_113' title='bbox 248 1234 295 1281; x_wconf 87' lang='lat' dir='ltr'>est</span> <span class='ocrx_word' id='word_1_114' title='bbox 304 1222 378 1284; x_wconf 71' lang='lat' dir='ltr'>haece</span> <span class='ocrx_word' id='word_1_115' title='bbox 391 1232 472 1285; x_wconf 81' lang='lat' dir='ltr'>stans</span> <span class='ocrx_word' id='word_1_116' title='bbox 478 1234 578 1305; x_wconf 86' lang='lat' dir='ltr'>potest</span> <span class='ocrx_word' id='word_1_117' title='bbox 586 1223 715 1294; x_wconf 88' lang='lat' dir='ltr'>studere,</span> <span class='ocrx_word' id='word_1_118' title='bbox 724 1222 793 1281; x_wconf 87' lang='lat' dir='ltr'>item</span> <span class='ocrx_word' id='word_1_119' title='bbox 803 1222 867 1282; x_wconf 86' lang='lat' dir='ltr'>haec</span> <span class='ocrx_word' id='word_1_120' title='bbox 878 1245 885 1281; x_wconf 89' lang='lat'><strong>:</strong></span> <span class='ocrx_word' id='word_1_121' title='bbox 898 1225 1002 1281; x_wconf 83' lang='lat' dir='ltr'>ambu-</span> 
     </span>
    </p>
   </div>
   <div class='ocr_carea' id='block_1_3' title="bbox 79 1299 344 1383">
    <p class='ocr_par' dir='ltr' id='par_1_5' title="bbox 79 1299 344 1383">
     <span class='ocr_line' id='line_1_16' title="bbox 79 1299 344 1383; baseline 0.026 -24"><span class='ocrx_word' id='word_1_122' title='bbox 79 1299 126 1361; x_wconf 76' lang='lat' dir='ltr'>hns</span> <span class='ocrx_word' id='word_1_123' title='bbox 137 1312 239 1380; x_wconf 81' lang='lat' dir='ltr'>potest</span> <span class='ocrx_word' id='word_1_124' title='bbox 250 1304 344 1383; x_wconf 88' lang='lat' dir='ltr'>loqui.</span> 
     </span>
    </p>
   </div>
   <div class='ocr_carea' id='block_1_4' title="bbox 58 1454 920 1537">
    <p class='ocr_par' dir='ltr' id='par_1_6' title="bbox 58 1454 920 1537">
     <span class='ocr_line' id='line_1_17' title="bbox 58 1454 920 1537; baseline 0.002 -12"><span class='ocrx_word' id='word_1_125' title='bbox 58 1454 60 1465; x_wconf 90' lang='lat'>&#39;</span> <span class='ocrx_word' id='word_1_126' title='bbox 141 1468 181 1526; x_wconf 82' lang='lat' dir='ltr'>u.</span> <span class='ocrx_word' id='word_1_127' title='bbox 199 1476 246 1537; x_wconf 68' lang='grc' dir='ltr'>ιγ.</span> <span class='ocrx_word' id='word_1_128' title='bbox 275 1472 333 1531; x_wconf 77' lang='lat' dir='ltr'>Du</span> <span class='ocrx_word' id='word_1_129' title='bbox 355 1470 599 1531; x_wconf 70' lang='lat' dir='ltr'>nunninus</span> <span class='ocrx_word' id='word_1_130' title='bbox 623 1472 669 1529; x_wconf 82' lang='lat' dir='ltr'>in</span> <span class='ocrx_word' id='word_1_131' title='bbox 694 1470 920 1530; x_wconf 71' lang='lat' dir='ltr'>eumanum.</span> 
     </span>
    </p>
   </div>
   <div class='ocr_carea' id='block_1_5' title="bbox 66 1632 1002 1854">
    <p class='ocr_par' dir='ltr' id='par_1_7' title="bbox 66 1632 1002 1854">
     <span class='ocr_line' id='line_1_18' title="bbox 66 1632 1002 1716; baseline 0.002 -25"><span class='ocrx_word' id='word_1_132' title='bbox 66 1632 89 1692; x_wconf 87' lang='lat' dir='ltr'>i.</span> <span class='ocrx_word' id='word_1_133' title='bbox 110 1634 244 1695; x_wconf 79' lang='lat' dir='ltr'>Libertas</span> <span class='ocrx_word' id='word_1_134' title='bbox 256 1645 297 1695; x_wconf 79' lang='lat' dir='ltr'>eu</span> <span class='ocrx_word' id='word_1_135' title='bbox 320 1646 445 1716; x_wconf 79' lang='lat' dir='ltr'>respectu</span> <span class='ocrx_word' id='word_1_136' title='bbox 465 1636 653 1715; x_wconf 65' lang='lat' dir='ltr'>presentium.</span> <span class='ocrx_word' id='word_1_137' title='bbox 696 1637 739 1699; x_wconf 85' lang='grc' dir='ltr'>ΙΙ.</span> <span class='ocrx_word' id='word_1_138' title='bbox 761 1638 859 1696; x_wconf 84' lang='lat' dir='ltr'>Datur</span> <span class='ocrx_word' id='word_1_139' title='bbox 872 1657 938 1694; x_wconf 85' lang='lat' dir='ltr'>uero</span> <span class='ocrx_word' id='word_1_140' title='bbox 953 1659 1002 1714; x_wconf 84' lang='lat' dir='ltr'>po-</span> 
     </span>
     <span class='ocr_line' id='line_1_19' title="bbox 100 1714 1000 1854; baseline -0.002 -79"><span class='ocrx_word' id='word_1_141' title='bbox 100 1714 357 1854; x_wconf 44' lang='lat' dir='ltr'>wlsspplptp&#39;tu.</span> <span class='ocrx_word' id='word_1_142' title='bbox 400 1717 458 1775; x_wconf 86' lang='lat'>111.</span> <span class='ocrx_word' id='word_1_143' title='bbox 481 1716 625 1778; x_wconf 69' lang='lat' dir='ltr'>dedictum</span> <span class='ocrx_word' id='word_1_144' title='bbox 644 1715 740 1778; x_wconf 76' lang='lat' dir='ltr'>ultimo</span> <span class='ocrx_word' id='word_1_145' title='bbox 765 1715 921 1795; x_wconf 76' lang='lat' dir='ltr'>practicam</span> <span class='ocrx_word' id='word_1_146' title='bbox 948 1738 1000 1774; x_wconf 85' lang='lat' dir='ltr'>non</span> 
     </span>
    </p>
   </div>
   <div class='ocr_carea' id='block_1_6' title="bbox 58 1940 1031 3877">
    <p class='ocr_par' dir='ltr' id='par_1_8' title="bbox 102 1940 860 2019">
     <span class='ocr_line' id='line_1_20' title="bbox 102 1940 860 2019; baseline -0.001 -20"><span class='ocrx_word' id='word_1_147' title='bbox 102 1943 161 1999; x_wconf 77' lang='lat' dir='ltr'>AN</span> <span class='ocrx_word' id='word_1_148' title='bbox 176 1943 301 2001; x_wconf 83' lang='lat' dir='ltr'>libertas</span> <span class='ocrx_word' id='word_1_149' title='bbox 315 1941 428 2000; x_wconf 85' lang='lat' dir='ltr'>arbitrii</span> <span class='ocrx_word' id='word_1_150' title='bbox 442 1952 487 2002; x_wconf 88' lang='lat' dir='ltr'>est</span> <span class='ocrx_word' id='word_1_151' title='bbox 499 1953 636 2019; x_wconf 88' lang='lat' dir='ltr'>respectu</span> <span class='ocrx_word' id='word_1_152' title='bbox 649 1940 860 2019; x_wconf 80' lang='lat' dir='ltr'>praesentium?</span> 
     </span>
    </p>

    <p class='ocr_par' dir='ltr' id='par_1_9' title="bbox 67 2021 1003 2581">
     <span class='ocr_line' id='line_1_21' title="bbox 103 2021 1003 2099; baseline -0.003 -20"><span class='ocrx_word' id='word_1_153' title='bbox 103 2022 125 2079; x_wconf 86' lang='lat' dir='ltr'>i.</span> <span class='ocrx_word' id='word_1_154' title='bbox 143 2024 178 2081; x_wconf 73' lang='lat' dir='ltr'>R.</span> <span class='ocrx_word' id='word_1_155' title='bbox 209 2022 408 2082; x_wconf 73' lang='lat' dir='ltr'>Affirmative:</span> <span class='ocrx_word' id='word_1_156' title='bbox 433 2042 535 2081; x_wconf 88' lang='lat' dir='ltr'>omnes</span> <span class='ocrx_word' id='word_1_157' title='bbox 548 2023 626 2080; x_wconf 90' lang='lat' dir='ltr'>enim</span> <span class='ocrx_word' id='word_1_158' title='bbox 642 2023 771 2080; x_wconf 85' lang='lat' dir='ltr'>actiones</span> <span class='ocrx_word' id='word_1_159' title='bbox 785 2021 861 2078; x_wconf 86' lang='lat' dir='ltr'>fiunt</span> <span class='ocrx_word' id='word_1_160' title='bbox 873 2040 1003 2099; x_wconf 84' lang='lat' dir='ltr'>proesen·</span> 
     </span>
     <span class='ocr_line' id='line_1_22' title="bbox 67 2100 1002 2181; baseline -0.003 -20"><span class='ocrx_word' id='word_1_161' title='bbox 67 2115 122 2161; x_wconf 79' lang='lat' dir='ltr'>tes:</span> <span class='ocrx_word' id='word_1_162' title='bbox 139 2103 163 2160; x_wconf 88' lang='lat' dir='ltr'>si</span> <span class='ocrx_word' id='word_1_163' title='bbox 173 2123 249 2180; x_wconf 90' lang='lat' dir='ltr'>ergo</span> <span class='ocrx_word' id='word_1_164' title='bbox 262 2101 383 2160; x_wconf 91' lang='lat' dir='ltr'>libertas</span> <span class='ocrx_word' id='word_1_165' title='bbox 397 2123 456 2161; x_wconf 91' lang='lat' dir='ltr'>non</span> <span class='ocrx_word' id='word_1_166' title='bbox 471 2114 547 2162; x_wconf 90' lang='lat' dir='ltr'>esset</span> <span class='ocrx_word' id='word_1_167' title='bbox 560 2115 697 2181; x_wconf 88' lang='lat' dir='ltr'>respectu</span> <span class='ocrx_word' id='word_1_168' title='bbox 710 2102 910 2179; x_wconf 72' lang='lat' dir='ltr'>praesentium,</span> <span class='ocrx_word' id='word_1_169' title='bbox 921 2100 1002 2158; x_wconf 83' lang='lat' dir='ltr'>nulla</span> 
     </span>
     <span class='ocr_line' id='line_1_23' title="bbox 67 2180 1001 2260; baseline -0.007 -17"><span class='ocrx_word' id='word_1_170' title='bbox 67 2183 137 2243; x_wconf 77' lang='lat' dir='ltr'>actio</span> <span class='ocrx_word' id='word_1_171' title='bbox 146 2185 234 2242; x_wconf 86' lang='lat' dir='ltr'>iieret</span> <span class='ocrx_word' id='word_1_172' title='bbox 244 2183 348 2241; x_wconf 72' lang='lat' dir='ltr'>libere:</span> <span class='ocrx_word' id='word_1_173' title='bbox 363 2181 394 2239; x_wconf 91' lang='lat' dir='ltr'>id</span> <span class='ocrx_word' id='word_1_174' title='bbox 405 2183 490 2242; x_wconf 77' lang='lat' dir='ltr'>facile</span> <span class='ocrx_word' id='word_1_175' title='bbox 502 2183 666 2260; x_wconf 82' lang='lat' dir='ltr'>explicatur</span> <span class='ocrx_word' id='word_1_176' title='bbox 677 2202 730 2260; x_wconf 90' lang='lat' dir='ltr'>per</span> <span class='ocrx_word' id='word_1_177' title='bbox 739 2201 856 2240; x_wconf 89' lang='lat' dir='ltr'>sensnm</span> <span class='ocrx_word' id='word_1_178' title='bbox 872 2180 1001 2239; x_wconf 89' lang='lat' dir='ltr'>divisum</span> 
     </span>
     <span class='ocr_line' id='line_1_24' title="bbox 68 2261 1002 2341; baseline -0.002 -20"><span class='ocrx_word' id='word_1_179' title='bbox 68 2283 186 2321; x_wconf 88' lang='lat' dir='ltr'>numero</span> <span class='ocrx_word' id='word_1_180' title='bbox 201 2261 381 2340; x_wconf 83' lang='lat' dir='ltr'>praecedenti</span> <span class='ocrx_word' id='word_1_181' title='bbox 395 2265 562 2341; x_wconf 86' lang='lat' dir='ltr'>expositum</span> <span class='ocrx_word' id='word_1_182' title='bbox 576 2287 586 2335; x_wconf 82' lang='lat'>3</span> <span class='ocrx_word' id='word_1_183' title='bbox 615 2265 751 2322; x_wconf 88' lang='lat' dir='ltr'>voluntas</span> <span class='ocrx_word' id='word_1_184' title='bbox 764 2263 842 2320; x_wconf 90' lang='lat' dir='ltr'>enim</span> <span class='ocrx_word' id='word_1_185' title='bbox 868 2261 940 2319; x_wconf 89' lang='lat' dir='ltr'>dum</span> <span class='ocrx_word' id='word_1_186' title='bbox 954 2282 1002 2319; x_wconf 85' lang='lat' dir='ltr'>ae-</span> 
     </span>
     <span class='ocr_line' id='line_1_25' title="bbox 70 2343 1003 2420; baseline -0.003 -19"><span class='ocrx_word' id='word_1_187' title='bbox 70 2344 173 2401; x_wconf 79' lang='lat' dir='ltr'>tionem</span> <span class='ocrx_word' id='word_1_188' title='bbox 183 2343 309 2402; x_wconf 89' lang='lat' dir='ltr'>liberam</span> <span class='ocrx_word' id='word_1_189' title='bbox 323 2344 417 2419; x_wconf 89' lang='lat' dir='ltr'>ponit,</span> <span class='ocrx_word' id='word_1_190' title='bbox 440 2346 544 2403; x_wconf 91' lang='lat' dir='ltr'>eodem</span> <span class='ocrx_word' id='word_1_191' title='bbox 559 2344 679 2402; x_wconf 85' lang='lat' dir='ltr'>instanti</span> <span class='ocrx_word' id='word_1_192' title='bbox 690 2362 805 2420; x_wconf 82' lang='lat' dir='ltr'>semper</span> <span class='ocrx_word' id='word_1_193' title='bbox 818 2343 927 2400; x_wconf 90' lang='lat' dir='ltr'>retinet</span> <span class='ocrx_word' id='word_1_194' title='bbox 949 2362 1003 2418; x_wconf 93' lang='lat' dir='ltr'>po-</span> 
     </span>
     <span class='ocr_line' id='line_1_26' title="bbox 71 2422 1003 2502; baseline -0.005 -20"><span class='ocrx_word' id='word_1_195' title='bbox 71 2423 186 2482; x_wconf 76' lang='lat' dir='ltr'>tentiam</span> <span class='ocrx_word' id='word_1_196' title='bbox 200 2424 240 2481; x_wconf 83' lang='lat' dir='ltr'>ad</span> <span class='ocrx_word' id='word_1_197' title='bbox 253 2444 313 2481; x_wconf 88' lang='lat' dir='ltr'>non</span> <span class='ocrx_word' id='word_1_198' title='bbox 326 2424 486 2500; x_wconf 85' lang='lat' dir='ltr'>agendum,</span> <span class='ocrx_word' id='word_1_199' title='bbox 498 2426 560 2483; x_wconf 90' lang='lat' dir='ltr'>sive</span> <span class='ocrx_word' id='word_1_200' title='bbox 575 2425 772 2502; x_wconf 83' lang='lat' dir='ltr'>sicoperatur‚</span> <span class='ocrx_word' id='word_1_201' title='bbox 794 2433 828 2480; x_wconf 91' lang='lat' dir='ltr'>ut</span> <span class='ocrx_word' id='word_1_202' title='bbox 841 2422 944 2480; x_wconf 91' lang='lat' dir='ltr'>eodem</span> <span class='ocrx_word' id='word_1_203' title='bbox 959 2423 1003 2477; x_wconf 93' lang='lat' dir='ltr'>in-</span> 
     </span>
     <span class='ocr_line' id='line_1_27' title="bbox 72 2503 851 2581; baseline -0.003 -21"><span class='ocrx_word' id='word_1_204' title='bbox 72 2505 150 2561; x_wconf 82' lang='lat' dir='ltr'>stanti</span> <span class='ocrx_word' id='word_1_205' title='bbox 162 2505 259 2581; x_wconf 87' lang='lat' dir='ltr'>possit</span> <span class='ocrx_word' id='word_1_206' title='bbox 273 2523 333 2562; x_wconf 92' lang='lat' dir='ltr'>non</span> <span class='ocrx_word' id='word_1_207' title='bbox 342 2507 466 2581; x_wconf 83' lang='lat' dir='ltr'>operari,</span> <span class='ocrx_word' id='word_1_208' title='bbox 480 2505 512 2562; x_wconf 93' lang='lat' dir='ltr'>in</span> <span class='ocrx_word' id='word_1_209' title='bbox 527 2525 614 2563; x_wconf 88' lang='lat' dir='ltr'>sensu</span> <span class='ocrx_word' id='word_1_210' title='bbox 629 2524 737 2581; x_wconf 90' lang='lat' dir='ltr'>nempe</span> <span class='ocrx_word' id='word_1_211' title='bbox 747 2503 851 2560; x_wconf 91' lang='lat' dir='ltr'>diviso.</span> 
     </span>
    </p>

    <p class='ocr_par' dir='ltr' id='par_1_10' title="bbox 72 2580 1003 2824">
     <span class='ocr_line' id='line_1_28' title="bbox 106 2580 1002 2662; baseline -0.007 -18"><span class='ocrx_word' id='word_1_212' title='bbox 106 2585 176 2662; x_wconf 86' lang='lat' dir='ltr'><strong>obj.</strong></span> <span class='ocrx_word' id='word_1_213' title='bbox 195 2595 220 2643; x_wconf 94' lang='lat' dir='ltr'>l.</span> <span class='ocrx_word' id='word_1_214' title='bbox 234 2585 346 2643; x_wconf 84' lang='lat' dir='ltr'>Sedens</span> <span class='ocrx_word' id='word_1_215' title='bbox 358 2584 596 2644; x_wconf 85' lang='lat' dir='ltr'>videturtantdm</span> <span class='ocrx_word' id='word_1_216' title='bbox 610 2586 701 2644; x_wconf 70' lang='lat' dir='ltr'>libere</span> <span class='ocrx_word' id='word_1_217' title='bbox 716 2583 818 2643; x_wconf 89' lang='lat' dir='ltr'>sedere</span> <span class='ocrx_word' id='word_1_218' title='bbox 832 2583 869 2640; x_wconf 94' lang='lat' dir='ltr'>ob</span> <span class='ocrx_word' id='word_1_219' title='bbox 883 2580 1002 2639; x_wconf 81' lang='lat' dir='ltr'>liberta-</span> 
     </span>
     <span class='ocr_line' id='line_1_29' title="bbox 72 2661 1003 2743; baseline -0.005 -20"><span class='ocrx_word' id='word_1_220' title='bbox 72 2679 122 2723; x_wconf 82' lang='lat' dir='ltr'>tem</span> <span class='ocrx_word' id='word_1_221' title='bbox 134 2665 367 2742; x_wconf 69' lang='lat' dir='ltr'>praecedentem,</span> <span class='ocrx_word' id='word_1_222' title='bbox 393 2672 452 2743; x_wconf 76' lang='lat' dir='ltr'>quis</span> <span class='ocrx_word' id='word_1_223' title='bbox 467 2666 558 2725; x_wconf 74' lang='lat' dir='ltr'>libere</span> <span class='ocrx_word' id='word_1_224' title='bbox 584 2686 614 2724; x_wconf 87' lang='lat' dir='ltr'>se</span> <span class='ocrx_word' id='word_1_225' title='bbox 629 2664 836 2724; x_wconf 85' lang='lat' dir='ltr'>determinavit</span> <span class='ocrx_word' id='word_1_226' title='bbox 848 2661 884 2720; x_wconf 84' lang='lat' dir='ltr'>ad</span> <span class='ocrx_word' id='word_1_227' title='bbox 901 2662 1003 2720; x_wconf 85' lang='lat' dir='ltr'>seden-</span> 
     </span>
     <span class='ocr_line' id='line_1_30' title="bbox 73 2744 327 2824; baseline 0.008 -23"><span class='ocrx_word' id='word_1_228' title='bbox 73 2744 150 2805; x_wconf 75' lang='lat' dir='ltr'>dums</span> <span class='ocrx_word' id='word_1_229' title='bbox 163 2766 249 2824; x_wconf 80' lang='lat' dir='ltr'>ergo,</span> <span class='ocrx_word' id='word_1_230' title='bbox 271 2757 327 2804; x_wconf 90' lang='lat' dir='ltr'>etc.</span> 
     </span>
    </p>

    <p class='ocr_par' dir='ltr' id='par_1_11' title="bbox 76 2823 1003 2984">
     <span class='ocr_line' id='line_1_31' title="bbox 105 2823 1003 2904; baseline -0.002 -21"><span class='ocrx_word' id='word_1_231' title='bbox 105 2825 137 2887; x_wconf 81' lang='lat' dir='ltr'>R.</span> <span class='ocrx_word' id='word_1_232' title='bbox 151 2828 229 2904; x_wconf 80' lang='lat' dir='ltr'>Neg.</span> <span class='ocrx_word' id='word_1_233' title='bbox 245 2838 337 2884; x_wconf 84' lang='lat' dir='ltr'>antec.</span> <span class='ocrx_word' id='word_1_234' title='bbox 364 2827 469 2886; x_wconf 88' lang='lat' dir='ltr'>sedens</span> <span class='ocrx_word' id='word_1_235' title='bbox 483 2828 571 2896; x_wconf 88' lang='lat' dir='ltr'>enim,</span> <span class='ocrx_word' id='word_1_236' title='bbox 600 2847 651 2885; x_wconf 86' lang='lat' dir='ltr'>seu</span> <span class='ocrx_word' id='word_1_237' title='bbox 667 2826 824 2884; x_wconf 86' lang='lat' dir='ltr'>sessionem</span> <span class='ocrx_word' id='word_1_238' title='bbox 839 2823 1003 2882; x_wconf 67' lang='lat' dir='ltr'>voluntarie</span> 
     </span>
     <span class='ocr_line' id='line_1_32' title="bbox 76 2904 1002 2984; baseline -0.004 -21"><span class='ocrx_word' id='word_1_239' title='bbox 76 2907 248 2976; x_wconf 82' lang='lat' dir='ltr'>continuans,</span> <span class='ocrx_word' id='word_1_240' title='bbox 264 2907 305 2965; x_wconf 89' lang='lat' dir='ltr'>ita</span> <span class='ocrx_word' id='word_1_241' title='bbox 326 2928 356 2965; x_wconf 90' lang='lat' dir='ltr'>se</span> <span class='ocrx_word' id='word_1_242' title='bbox 380 2907 479 2976; x_wconf 85' lang='lat' dir='ltr'>habet,</span> <span class='ocrx_word' id='word_1_243' title='bbox 494 2919 529 2965; x_wconf 92' lang='lat' dir='ltr'>ut</span> <span class='ocrx_word' id='word_1_244' title='bbox 543 2909 703 2984; x_wconf 88' lang='lat' dir='ltr'>potentiam</span> <span class='ocrx_word' id='word_1_245' title='bbox 717 2925 775 2962; x_wconf 89' lang='lat' dir='ltr'>non</span> <span class='ocrx_word' id='word_1_246' title='bbox 792 2904 913 2963; x_wconf 87' lang='lat' dir='ltr'>sedendi</span> <span class='ocrx_word' id='word_1_247' title='bbox 932 2905 1002 2961; x_wconf 89' lang='lat' dir='ltr'>reti-</span> 
     </span>
    </p>

    <p class='ocr_par' dir='ltr' id='par_1_12' title="bbox 58 2984 1002 3065">
     <span class='ocr_line' id='line_1_33' title="bbox 58 2984 1002 3065; baseline -0.001 -24"><span class='ocrx_word' id='word_1_248' title='bbox 58 3048 60 3053; x_wconf 45' lang='lat'><em>,</em></span> <span class='ocrx_word' id='word_1_249' title='bbox 76 2998 137 3057; x_wconf 75' lang='lat' dir='ltr'>nest,</span> <span class='ocrx_word' id='word_1_250' title='bbox 161 2987 298 3064; x_wconf 87' lang='lat' dir='ltr'>adeoque</span> <span class='ocrx_word' id='word_1_251' title='bbox 312 3008 366 3065; x_wconf 92' lang='lat' dir='ltr'>pro</span> <span class='ocrx_word' id='word_1_252' title='bbox 379 2989 527 3065; x_wconf 69' lang='lat' dir='ltr'>praesenti,</span> <span class='ocrx_word' id='word_1_253' title='bbox 542 2987 617 3046; x_wconf 89' lang='lat' dir='ltr'>liber</span> <span class='ocrx_word' id='word_1_254' title='bbox 628 2998 692 3054; x_wconf 82' lang='lat' dir='ltr'>est3</span> <span class='ocrx_word' id='word_1_255' title='bbox 707 2985 815 3043; x_wconf 90' lang='lat' dir='ltr'>deinde</span> <span class='ocrx_word' id='word_1_256' title='bbox 829 2984 902 3043; x_wconf 75' lang='lat' dir='ltr'>aliis</span> <span class='ocrx_word' id='word_1_257' title='bbox 915 3004 1002 3040; x_wconf 88' lang='lat' dir='ltr'>exur-</span> 
     </span>
    </p>

    <p class='ocr_par' dir='ltr' id='par_1_13' title="bbox 58 3065 1002 3145">
     <span class='ocr_line' id='line_1_34' title="bbox 58 3065 1002 3145; baseline -0.013 -14"><span class='ocrx_word' id='word_1_258' title='bbox 58 3098 60 3131; x_wconf 89' lang='lat'><strong>:</strong></span> <span class='ocrx_word' id='word_1_259' title='bbox 75 3078 144 3141; x_wconf 68' lang='lat' dir='ltr'>geret</span> <span class='ocrx_word' id='word_1_260' title='bbox 156 3087 314 3145; x_wconf 86' lang='lat' dir='ltr'>processus</span> <span class='ocrx_word' id='word_1_261' title='bbox 328 3068 358 3125; x_wconf 92' lang='lat' dir='ltr'>in</span> <span class='ocrx_word' id='word_1_262' title='bbox 373 3069 540 3140; x_wconf 80' lang='lat' dir='ltr'>infinitum3</span> <span class='ocrx_word' id='word_1_263' title='bbox 554 3088 622 3126; x_wconf 89' lang='lat' dir='ltr'>nam</span> <span class='ocrx_word' id='word_1_264' title='bbox 636 3068 687 3124; x_wconf 78' lang='lat' dir='ltr'>illa</span> <span class='ocrx_word' id='word_1_265' title='bbox 700 3065 863 3142; x_wconf 84' lang='lat' dir='ltr'>precedens</span> <span class='ocrx_word' id='word_1_266' title='bbox 882 3065 1002 3121; x_wconf 89' lang='lat' dir='ltr'>libertas</span> 
     </span>
    </p>

    <p class='ocr_par' dir='ltr' id='par_1_14' title="bbox 58 3144 1000 3213">
     <span class='ocr_line' id='line_1_35' title="bbox 58 3144 1000 3213; baseline -0.014 -4"><span class='ocrx_word' id='word_1_267' title='bbox 58 3148 60 3211; x_wconf 74' lang='grc' dir='ltr'>ἰ</span> <span class='ocrx_word' id='word_1_268' title='bbox 77 3146 296 3207; x_wconf 74' lang='grc' dir='ltr'>(Ιώετεῑίῐει-ὺιη</span> <span class='ocrx_word' id='word_1_269' title='bbox 312 3147 371 3206; x_wconf 89' lang='lat' dir='ltr'>dici</span> <span class='ocrx_word' id='word_1_270' title='bbox 384 3149 478 3206; x_wconf 85' lang='lat' dir='ltr'>libera</span> <span class='ocrx_word' id='word_1_271' title='bbox 487 3150 526 3206; x_wconf 87' lang='lat' dir='ltr'>ob</span> <span class='ocrx_word' id='word_1_272' title='bbox 540 3148 706 3206; x_wconf 84' lang='lat' dir='ltr'>libertatem</span> <span class='ocrx_word' id='word_1_273' title='bbox 716 3146 902 3213; x_wconf 86' lang='lat' dir='ltr'>anteriorem,</span> <span class='ocrx_word' id='word_1_274' title='bbox 918 3156 947 3200; x_wconf 86' lang='lat' dir='ltr'>et</span> <span class='ocrx_word' id='word_1_275' title='bbox 958 3144 1000 3198; x_wconf 78' lang='lat' dir='ltr'>sie</span> 
     </span>
    </p>

    <p class='ocr_par' dir='ltr' id='par_1_15' title="bbox 58 3218 209 3306">
     <span class='ocr_line' id='line_1_36' title="bbox 58 3218 209 3306; baseline -0.02 -17"><span class='ocrx_word' id='word_1_276' title='bbox 58 3218 60 3289; x_wconf 65' lang='lat' dir='ltr'>i</span> <span class='ocrx_word' id='word_1_277' title='bbox 77 3224 209 3306; x_wconf 76' lang='lat' dir='ltr'>deinceps.</span> 
     </span>
    </p>

    <p class='ocr_par' dir='ltr' id='par_1_16' title="bbox 58 3296 1011 3546">
     <span class='ocr_line' id='line_1_37' title="bbox 58 3296 1000 3388; baseline -0.012 -20"><span class='ocrx_word' id='word_1_278' title='bbox 58 3296 60 3323; x_wconf 74' lang='lat'><strong>¹</strong></span> <span class='ocrx_word' id='word_1_279' title='bbox 103 3306 172 3388; x_wconf 86' lang='lat' dir='ltr'><strong>Obj.</strong></span> <span class='ocrx_word' id='word_1_280' title='bbox 186 3309 231 3367; x_wconf 91' lang='lat'>11.</span> <span class='ocrx_word' id='word_1_281' title='bbox 248 3309 384 3368; x_wconf 89' lang='lat' dir='ltr'>Potentia</span> <span class='ocrx_word' id='word_1_282' title='bbox 402 3309 439 3367; x_wconf 86' lang='lat' dir='ltr'>ad</span> <span class='ocrx_word' id='word_1_283' title='bbox 450 3310 618 3387; x_wconf 91' lang='lat' dir='ltr'>oppositum</span> <span class='ocrx_word' id='word_1_284' title='bbox 630 3309 756 3366; x_wconf 89' lang='lat' dir='ltr'>insensu</span> <span class='ocrx_word' id='word_1_285' title='bbox 772 3307 868 3362; x_wconf 87' lang='lat' dir='ltr'>diviso</span> <span class='ocrx_word' id='word_1_286' title='bbox 879 3313 923 3360; x_wconf 89' lang='lat' dir='ltr'>est</span> <span class='ocrx_word' id='word_1_287' title='bbox 936 3302 1000 3358; x_wconf 90' lang='lat' dir='ltr'>chi-</span> 
     </span>
     <span class='ocr_line' id='line_1_38' title="bbox 75 3381 1011 3467; baseline -0.005 -24"><span class='ocrx_word' id='word_1_288' title='bbox 75 3405 149 3460; x_wconf 78' lang='lat' dir='ltr'>uern,</span> <span class='ocrx_word' id='word_1_289' title='bbox 163 3389 219 3467; x_wconf 92' lang='lat' dir='ltr'>qui</span> <span class='ocrx_word' id='word_1_290' title='bbox 233 3409 386 3467; x_wconf 88' lang='lat' dir='ltr'>nunquam</span> <span class='ocrx_word' id='word_1_291' title='bbox 401 3389 555 3448; x_wconf 87' lang='lat' dir='ltr'>reducitur</span> <span class='ocrx_word' id='word_1_292' title='bbox 575 3388 735 3456; x_wconf 84' lang='lat' dir='ltr'>adactum,</span> <span class='ocrx_word' id='word_1_293' title='bbox 751 3387 810 3444; x_wconf 89' lang='lat' dir='ltr'>imo</span> <span class='ocrx_word' id='word_1_294' title='bbox 825 3403 879 3442; x_wconf 92' lang='lat' dir='ltr'>nec</span> <span class='ocrx_word' id='word_1_295' title='bbox 898 3381 1011 3439; x_wconf 76' lang='lat' dir='ltr'>reduci·</span> 
     </span>
     <span class='ocr_line' id='line_1_39' title="bbox 70 3480 345 3546; baseline -0.015 -16"><span class='ocrx_word' id='word_1_296' title='bbox 70 3480 171 3543; x_wconf 74' lang='lat' dir='ltr'>potest:</span> <span class='ocrx_word' id='word_1_297' title='bbox 191 3489 275 3546; x_wconf 84' lang='lat' dir='ltr'>ergo,</span> <span class='ocrx_word' id='word_1_298' title='bbox 291 3481 345 3530; x_wconf 92' lang='lat' dir='ltr'>etc.</span> 
     </span>
    </p>

    <p class='ocr_par' dir='ltr' id='par_1_17' title="bbox 68 3543 1003 3706">
     <span class='ocr_line' id='line_1_40' title="bbox 101 3543 1003 3628; baseline -0.012 -19"><span class='ocrx_word' id='word_1_299' title='bbox 101 3550 143 3609; x_wconf 86' lang='lat'>11.</span> <span class='ocrx_word' id='word_1_300' title='bbox 159 3552 195 3611; x_wconf 87' lang='lat' dir='ltr'>R.</span> <span class='ocrx_word' id='word_1_301' title='bbox 213 3552 291 3628; x_wconf 88' lang='lat' dir='ltr'>Neg.</span> <span class='ocrx_word' id='word_1_302' title='bbox 315 3562 407 3608; x_wconf 89' lang='lat' dir='ltr'>antec.</span> <span class='ocrx_word' id='word_1_303' title='bbox 432 3570 501 3607; x_wconf 89' lang='lat' dir='ltr'>nam</span> <span class='ocrx_word' id='word_1_304' title='bbox 514 3561 612 3627; x_wconf 87' lang='lat' dir='ltr'>potest</span> <span class='ocrx_word' id='word_1_305' title='bbox 632 3549 695 3606; x_wconf 87' lang='lat' dir='ltr'>dari</span> <span class='ocrx_word' id='word_1_306' title='bbox 712 3567 780 3604; x_wconf 87' lang='lat' dir='ltr'>vera</span> <span class='ocrx_word' id='word_1_307' title='bbox 793 3545 926 3622; x_wconf 84' lang='lat' dir='ltr'>potentia</span> <span class='ocrx_word' id='word_1_308' title='bbox 940 3543 1003 3599; x_wconf 84' lang='lat' dir='ltr'>sine</span> 
     </span>
     <span class='ocr_line' id='line_1_41' title="bbox 68 3624 1002 3706; baseline -0.01 -20"><span class='ocrx_word' id='word_1_309' title='bbox 68 3642 126 3689; x_wconf 77' lang='lat' dir='ltr'>actu</span> <span class='ocrx_word' id='word_1_310' title='bbox 136 3655 147 3702; x_wconf 69' lang='grc' dir='ltr'><strong><em>ς</em></strong></span> <span class='ocrx_word' id='word_1_311' title='bbox 161 3631 208 3689; x_wconf 88' lang='lat' dir='ltr'>sic</span> <span class='ocrx_word' id='word_1_312' title='bbox 221 3632 307 3688; x_wconf 88' lang='lat' dir='ltr'>Deus</span> <span class='ocrx_word' id='word_1_313' title='bbox 319 3631 409 3688; x_wconf 86' lang='lat' dir='ltr'>habet</span> <span class='ocrx_word' id='word_1_314' title='bbox 415 3632 580 3706; x_wconf 83' lang='lat' dir='ltr'>potentiam</span> <span class='ocrx_word' id='word_1_315' title='bbox 590 3630 627 3688; x_wconf 86' lang='lat' dir='ltr'>ad</span> <span class='ocrx_word' id='word_1_316' title='bbox 639 3628 799 3686; x_wconf 86' lang='lat' dir='ltr'>creandum</span> <span class='ocrx_word' id='word_1_317' title='bbox 810 3624 901 3682; x_wconf 77' lang='lat' dir='ltr'>aliu-m</span> <span class='ocrx_word' id='word_1_318' title='bbox 915 3643 1002 3679; x_wconf 90' lang='lat' dir='ltr'>mun-</span> 
     </span>
    </p>

    <p class='ocr_par' dir='ltr' id='par_1_18' title="bbox 58 3704 1031 3877">
     <span class='ocr_line' id='line_1_42' title="bbox 59 3704 1013 3791; baseline -0.003 -32"><span class='ocrx_word' id='word_1_319' title='bbox 59 3708 130 3775; x_wconf 83' lang='lat' dir='ltr'>dum,</span> <span class='ocrx_word' id='word_1_320' title='bbox 150 3709 241 3762; x_wconf 77' lang='lat' dir='ltr'>homo</span> <span class='ocrx_word' id='word_1_321' title='bbox 252 3710 310 3764; x_wconf 87' lang='lat' dir='ltr'>sub</span> <span class='ocrx_word' id='word_1_322' title='bbox 319 3712 511 3784; x_wconf 63' lang='lat' dir='ltr'>prescientia</span> <span class='ocrx_word' id='word_1_323' title='bbox 529 3713 589 3771; x_wconf 89' lang='lat' dir='ltr'>Dei</span> <span class='ocrx_word' id='word_1_324' title='bbox 614 3711 706 3772; x_wconf 84' lang='lat' dir='ltr'>habet</span> <span class='ocrx_word' id='word_1_325' title='bbox 717 3708 886 3791; x_wconf 79' lang='lat' dir='ltr'>potentium</span> <span class='ocrx_word' id='word_1_326' title='bbox 898 3704 938 3765; x_wconf 84' lang='lat' dir='ltr'>ad</span> <span class='ocrx_word' id='word_1_327' title='bbox 949 3723 1013 3760; x_wconf 82' lang='lat' dir='ltr'>nnn</span> 
     </span>
     <span class='ocr_line' id='line_1_43' title="bbox 58 3785 1031 3877; baseline 0.005 -41"><span class='ocrx_word' id='word_1_328' title='bbox 58 3794 145 3850; x_wconf 77' lang='lat' dir='ltr'>etum,</span> <span class='ocrx_word' id='word_1_329' title='bbox 161 3803 251 3856; x_wconf 87' lang='lat' dir='ltr'>quem</span> <span class='ocrx_word' id='word_1_330' title='bbox 264 3796 363 3846; x_wconf 83' lang='lat' dir='ltr'>tarnen</span> <span class='ocrx_word' id='word_1_331' title='bbox 375 3792 463 3850; x_wconf 84' lang='lat' dir='ltr'>Deus</span> <span class='ocrx_word' id='word_1_332' title='bbox 474 3794 616 3856; x_wconf 82' lang='lat' dir='ltr'>futurum</span> <span class='ocrx_word' id='word_1_333' title='bbox 631 3797 791 3877; x_wconf 78' lang='lat' dir='ltr'>praevidit,</span> <span class='ocrx_word' id='word_1_334' title='bbox 808 3814 877 3875; x_wconf 68' lang='lat' dir='ltr'>quse</span> <span class='ocrx_word' id='word_1_335' title='bbox 887 3785 1031 3872; x_wconf 70' lang='lat' dir='ltr'>potentia.</span> 
     </span>
    </p>
   </div>
   <div class='ocr_carea' id='block_1_7' title="bbox 0 0 1106 4066">
    <p class='ocr_par' dir='ltr' id='par_1_19' title="bbox 0 0 1106 4066">
     <span class='ocr_line' id='line_1_44' title="bbox 0 0 1106 4066; baseline 0 0"><span class='ocrx_word' id='word_1_336' title='bbox 0 0 1106 4066; x_wconf 95' lang='lat' dir='ltr'> </span> 
     </span>
    </p>
   </div>
  </div>
 </body>
</html>
