2152 4066
395 113 454 162 nu
478 109 651 179 eruentis.
924 84 1015 158 etr·

102 256 266 318 Peccatum
286 258 397 336 itaque,
420 259 489 318 licet
501 279 561 317 non
576 257 615 317 sit
628 278 680 317 ens
693 256 867 335 positivum,
888 274 948 314 non
962 270 1008 317 est

58 345 164 397 tamen
178 359 288 417 purum
303 338 389 408 nihil,
412 349 445 398 ut
457 339 607 408 chimaeru,
629 338 682 397 sed
700 347 746 395 est
766 337 896 416 privatio
918 337 1007 407 illius,

60 418 146 493 quod
161 419 285 478 deberet
295 420 400 489 inesse,
415 431 445 478 et
459 419 527 477 vere
542 418 652 489 existit,
668 418 756 477 sicuti
769 418 870 477 existit
884 419 1008 476 cecitas.
1055 488 1058 493 Ι

103 498 190 559 Hinc
199 510 291 577 putet,
307 500 388 577 qnod
398 518 458 557 non
468 499 563 576 possit
572 499 631 558 dici
642 498 846 567 confessarius
856 497 1009 557 absolvere

63 577 80 635 l
91 578 200 648 nihilo,
214 580 300 640 sicuti
311 580 371 639 dici
384 599 445 638 non
459 590 555 657 potest
566 579 604 638 de
615 578 735 640 Medico
748 588 871 638 curante
882 578 1009 657 alicujus

61 659 239 730 cecitatem,
261 660 342 738 quod
355 661 462 723 liberet
474 664 489 718 ὲ
503 659 607 717 nihilo.

108 740 195 798 Putet
219 741 318 809 etium,
344 761 405 798 non
428 741 526 798 omnia
545 749 667 817 peccata
690 758 754 797 esse
773 738 915 816 aequalia3
940 738 1010 816 quia

69 819 225 895 quodlibet
247 831 402 898 peccatum
420 841 480 879 non
500 821 600 898 privat
622 825 686 878 tott
701 819 881 878 rectitudine
905 819 1006 878 debite

67 897 174 971 inesse,
195 902 248 960 sed
263 921 355 959 unum
369 900 448 979 plus,
470 900 552 958 aliud
565 896 671 960 mimis.

67 1034 70 1039 .
109 982 200 1050 Nota,
220 981 345 1041 formale
366 981 480 1058 peccati
502 1001 563 1041 non
585 988 663 1039 recte'
677 979 816 1040 constitui
830 980 861 1038 in
875 979 937 1038 sola
949 981 1010 1057 pri-

74 1061 188 1121 vatione
196 1061 311 1141 gratie,
323 1081 391 1119 nam
400 1062 432 1119 in
442 1071 520 1121 statu
529 1072 640 1120 nature
651 1081 734 1140 purae
742 1072 898 1140 peccatum
906 1061 1011 1119 fuisset

77 1139 132 1200 sine
144 1143 312 1218 privatione
325 1141 439 1219 gratiae.

73 1266 80 1275 .
110 1222 231 1281 Deinde
253 1222 357 1301 grstioe
378 1220 508 1300 privatio
530 1223 649 1300 proprie
665 1231 709 1280 est
723 1221 846 1280 effectus
868 1232 897 1279 et
920 1239 1010 1298 poena

394 1627 595 1739 Qurnsrro
620 1661 682 1719 111.

61 1818 124 1881 DE
141 1822 455 1885 DISTINCTIONE
472 1822 692 1882 SPECIFICA
707 1821 762 1879 ET
780 1821 1007 1882 NUMERICA

390 1901 689 1963 PECCATORUM.

67 2263 104 2320 N.
120 2267 169 2332 93.
213 2266 271 2324 DE
294 2261 610 2403 DISTlNCTngIIElxl}I
627 2259 846 2318 SPECIFICA
864 2257 1009 2315 PECCA-

66 2501 89 2560 Ι.
137 2503 208 2569 Quo
231 2514 349 2584 peccata
375 2503 465 2581 specie
491 2502 711 2576 dintinguantur.
754 2501 796 2559 ll·
826 2498 878 2558 Est
903 2496 1009 2555 tannim

105 2602 192 2641 utrum
205 2585 230 2643 si
242 2585 327 2662 plura
342 2586 427 2642 Festa
441 2592 489 2640 nect
494 2583 611 2660 jejunia
625 2587 801 2638 corrcurrunt.

109 2745 307 2816 QUAENAM
323 2754 445 2823 peccata
458 2743 684 2822 distinguuntur
698 2739 817 2819 specie?

108 2823 132 2880 Ι.
155 2824 192 2885 R.
214 2828 285 2884 Cum
298 2826 385 2903 juxta
401 2827 490 2882 Num.
506 2825 554 2884 64.
577 2838 660 2884 actus
673 2820 797 2879 hnmani
812 2818 939 2897 speciem
953 2818 1006 2874 bo-

65 2904 168 2963 nitatis
182 2917 234 2963 aut
247 2906 365 2964 malitiae
379 2905 536 2963 desumant
550 2907 587 2963 ab
603 2905 729 2984 objecto,
754 2901 812 2958 fine
833 2911 862 2957 et
883 2898 1009 2955 circum-

67 2985 192 3054 stantiis,
215 2987 347 3063 sequitur
361 2987 412 3043 illa
426 2997 555 3062 peccatu,
577 3007 640 3044 esse
656 2983 754 3060 specie
773 2980 921 3046 distincta,
943 2996 1010 3066 quae

67 3066 179 3124 hebent
192 3067 308 3144 objecta
322 3068 419 3143 specie
434 3064 581 3136 distincta,
602 3066 649 3124 vel
664 3061 899 3122 circumstantias
914 3075 1011 3148 specie

69 3145 232 3205 distinctas.
274 3148 439 3205 Censentur
463 3157 563 3204 nutem
586 3146 704 3223 objecta
727 3155 757 3201 et
781 3142 1008 3200 circumstantie

71 3226 165 3302 specie
185 3227 340 3302 distingui,
362 3226 481 3303 quando
495 3226 607 3284 habent
621 3226 768 3283 diversam
782 3217 1010 3298 repugnantiam

71 3325 133 3371 curn
149 3319 231 3366 recta
243 3308 357 3364 ratione
371 3318 400 3364 et
415 3306 481 3382 lege
495 3319 613 3364 aeterna.

107 3386 267 3447 Undenum
295 3387 480 3464 dignoscitur
507 3387 624 3445 diversa
646 3385 699 3444 illa
721 3378 928 3461 repugnantia,
959 3394 1010 3432 seu

71 3467 218 3527 distinctio
232 3468 369 3545 specifica
381 3470 590 3544 peccatorum?

72 3598 75 3605 .
105 3550 140 3609 R.
166 3550 226 3607 Pro
239 3569 275 3607 eo
288 3548 384 3606 solent
397 3549 540 3624 assignari
554 3548 601 3604 hoe
615 3557 743 3623 quatuor
757 3540 867 3619 regulae
881 3562 890 3598 ε

105 3628 227 3688 Prima:
250 3640 381 3706 peccata,
408 3650 475 3706 quae
498 3637 668 3706 repugnant
689 3627 814 3683 diversis
837 3618 1010 3682 virtutibus,

69 3710 163 3788 specie
177 3709 416 3787 distinguuntur,
433 3730 461 3767 v.
476 3729 506 3786 g.
527 3709 642 3767 furtum
659 3717 689 3765 et
703 3704 868 3771 fornicatio,
883 3718 1009 3791 quorum

65 3792 149 3867 prius
171 3803 322 3870 repugnet
341 3790 476 3868 justitiae,
499 3789 626 3848 alterum
651 3787 796 3847 castitati:
819 3783 894 3842 ratio
918 3780 1009 3856 hujus
