2160 4072
67 92 111 157 ts
440 106 641 151 rescrarns

71 256 114 315 tia
127 252 337 325 sanctificante,
350 252 488 330 quamvis
500 254 576 312 forte*
582 262 686 333 postea
696 250 858 312 damnandi
872 258 954 313 sunt.

86 360 90 365 ·
113 337 161 394 Ex
175 334 232 393 hoc
245 335 324 392 libro
337 332 430 411 aliqui
442 344 569 411 possunt
582 333 686 404 deleri,
700 333 751 391 alii
763 332 899 404 inscribi,
913 345 945 393 et
956 332 998 393 bo

73 436 140 477 rum
146 432 291 474 numerus
305 414 409 491 augeri
420 424 520 492 potest
543 425 574 474 et
586 414 700 486 minni3
715 413 796 472 uude
809 412 848 472 ‹lc
861 412 921 472 hoc
934 414 998 474 librr

73 498 183 556 dicitur
195 490 370 554 Psalmode.
383 512 414 552 v.
427 502 476 565 29.
491 502 513 529 “
526 494 670 554 Deleatur
680 492 804 553 delibro
816 488 998 573 viventium:¹

116 576 211 636 11.2⁰.
231 579 290 636 Pro
303 575 381 634 libro
402 574 697 653 praerlestinutorum¹
710 574 742 632 in
769 568 831 653 qd'o
851 574 998 653 conscript

76 668 145 716 sunt
158 676 260 715 omnes
273 667 304 714 et
325 655 380 714 soli
404 654 502 715 Electi
526 656 563 714 ad
577 655 701 734 gloriam
711 664 864 725 aeternam,
879 654 998 734 quamsi

75 737 153 797 forte
166 736 266 796 adhuc
280 736 339 794 sint
347 747 526 814 peccatores.
548 738 596 795 Ex
609 735 668 794 hoc
678 735 758 794 libro
766 734 870 793 nullus
879 754 998 813 unquan

76 819 192 877 deletur
204 826 363 895 potestque
373 815 489 874 definiri
500 838 507 876 :
520 817 628 875 “firma
635 816 667 874 in
680 825 780 874 mente
793 815 897 875 divina
908 813 998 875 notiti

77 918 191 966 eorum,
206 897 259 975 qui
269 897 356 955 electi
366 906 436 955 sunt
449 896 592 955 ad-vitam
602 898 769 955 artemam!
845 916 849 921 ·

117 980 167 1036 An
180 976 407 1055 praedestinatus
418 988 516 1055 potest
525 977 669 1047 damnari,
679 985 732 1034 aut
738 977 886 1055 reprobus
893 974 998 1035 salvari

120 1059 154 1117 R.
172 1060 229 1117 Hae
242 1057 457 1136 propositiones
469 1066 595 1135 possunt
613 1056 731 1116 admitti
752 1057 784 1115 in
804 1074 895 1117 sensu
908 1054 998 1126 ‹liviso

80 1150 110 1198 et
123 1139 163 1196 de
170 1139 303 1216 potentia
316 1137 530 1204 antecedente:
554 1139 625 1216 quia
649 1135 814 1196 secundrlm
837 1136 954 1196 senihil
965 1155 998 1194 re

78 1229 204 1297 pugnat,
218 1217 460 1295 predestinatum
472 1216 548 1276 malt
568 1219 679 1288 vivere,
694 1216 776 1276 etsie
796 1217 948 1276 damnari:
965 1212 998 1273 vel

79 1300 239 1377 reprobum
253 1302 330 1359 bene
342 1298 446 1357 vivere
456 1310 487 1358 et
500 1297 625 1358 salvari:
640 1297 684 1356 nil
697 1298 777 1355 enim
791 1294 998 1377 praedestinatio

80 1381 128 1438 vel
138 1380 307 1458 reprobatio
321 1379 468 1439 subtrahit
482 1378 520 1436 de
532 1379 666 1455 potentia
678 1377 817 1450 hominis,
839 1388 876 1436 ut
897 1377 967 1436 dicit
977 1376 998 1434 S.

82 1460 189 1518 Thom.
204 1470 309 1537 quaest.
334 1468 382 1519 23.
397 1469 451 1517 art.
466 1467 495 1520 3.
509 1459 548 1517 ad
568 1467 597 1518 3.
622 1467 625 1473 ’

122 1540 183 1599 ΙΙΙ.
199 1541 231 1599 Si
245 1542 317 1598 verb
328 1539 545 1619 propositiones
558 1539 618 1597 illae
631 1549 786 1598 sumantur
794 1538 827 1596 in
837 1558 926 1597 sensu
937 1554 998 1597 con·

81 1621 187 1700 posito,
212 1631 242 1679 et
269 1619 308 1679 de
333 1619 466 1697 potentia
485 1630 697 1697 consequente.
725 1620 788 1677 sive
810 1618 835 1676 si
849 1618 998 1698 subjectum

82 1711 214 1760 sumatur
223 1700 396 1770 formaliter,
405 1711 477 1758 tunc
487 1700 703 1778 propositiones
712 1700 773 1758 iltae
784 1709 854 1758 sunt
863 1696 998 1793 neganda,

83 1781 154 1859 quia
167 1801 227 1839 non
240 1792 367 1858 possunt
380 1778 470 1838 simul
483 1792 561 1838 stare
569 1800 620 1839 seu
630 1781 767 1859 componi
775 1778 998 1858 praedestrnatnu

83 1881 156 1933 esse,
169 1873 199 1920 et
211 1861 355 1932 damnari,
364 1860 413 1920 vel
425 1861 584 1939 reprobum
600 1866 672 1929 esse,
687 1872 717 1919 et
730 1860 852 1932 salvarit
872 1875 998 1921 namon·

83 1962 137 2002 nes
150 1942 453 2019 predestinati'certb
476 1952 507 1999 et
530 1941 727 2000 infallibiliter
749 1940 910 2009 salvantur,
930 1938 998 2018 juxtr

84 2023 161 2082 illud
171 2024 258 2084 Joan.
272 2042 337 2101 cap.
353 2031 398 2080 10.
413 2042 441 2080 ν.
457 2028 508 2086 27.
526 2028 546 2054 “
561 2020 642 2079 Oves
652 2042 726 2080 meae
739 2030 843 2079 vocem
857 2039 951 2097 meam
962 2035 998 2076 au·

85 2104 199 2162 diunt.''
221 2113 265 2176 tv,
281 2109 344 2181 28.)
370 2109 390 2137 “
405 2103 445 2160 Et
455 2120 515 2158 non
537 2103 634 2179 rapiet
647 2122 696 2160 eas
709 2101 863 2179 quisquam
878 2098 998 2158 de‘rnant

85 2184 188 2241 mea:’'
210 2185 330 2260 reprobi
352 2181 548 2240 infallibiliter
567 2181 746 2256 damnantur
757 2206 766 2254 ;
788 2180 867 2259 quia
888 2177 998 2241 carente

87 2263 166 2321 dono
175 2263 403 2341 perseverantiae
410 2281 470 2320 non
481 2263 716 2341 perseverabunt
722 2262 850 2321 finaliter
860 2261 891 2319 in
897 2256 998 2341 justitia

288 2426 326 2483 N.
342 2432 389 2484 55.
412 2422 469 2482 nn
491 2374 713 2513 rosunum
734 2420 846 2482 nan·

315 2601 318 2605 ·
400 2583 431 2644 S.
452 2583 547 2643 Thon.
563 2586 719 2664 questi&
792 2610 795 2615 ·
890 2596 893 2601 ’

92 2747 116 2803 1.
145 2736 534 2805 PotentiaDrt‘ettrrotioa.¹
558 2746 605 2819 Il.¹
624 2745 768 2815 Instinclu
791 2745 828 2803 ab
848 2754 922 2805 octo.
962 2739 998 2802 ΙΙ]

392 2824 472 2883 Deus
483 2833 523 2883 est
535 2825 711 2919 omnipotens.
741 2828 745 2835 '
784 2826 787 2831 ‘
845 2824 859 2913 Ἰ

105 2987 241 3059 ·QU1D
263 2988 452 3065 estpotentia
468 2986 533 3045 Dei.

134 3068 158 3125 Ι.
174 3069 209 3126 R.
225 3069 280 3127 Est
303 3067 480 3126 attributum
508 3066 655 3138 divinum,
683 3067 764 3146 quod
787 3074 831 3123 est
843 3061 998 3142 principiul

91 3147 302 3226 productivum
321 3168 431 3207 rerum.
458 3178 461 3183 ·
784 3178 787 3183 -

134 3230 171 3287 ln
183 3229 250 3287 Deo
260 3226 378 3286 admitti
391 3248 452 3287 non
465 3239 565 3306 potest
574 3226 632 3287 nisi
640 3227 772 3307 potentia
782 3225 888 3296 activa,
904 3242 968 3302 quoe
980 3241 998 3280 el

92 3311 157 3387 ipsa
171 3309 230 3367 Dei
244 3308 369 3368 essentia
383 3307 527 3387 q'uatends
535 3328 636 3386 agens,
650 3309 713 3366 sive
725 3307 790 3385 ipse
803 3315 887 3365 actus
898 3305 997 3363 divinu

134 3392 246 3448 Nostro
256 3388 442 3466 concipiendi
452 3390 543 3449 modo
557 3387 752 3466 distinguitur
767 3386 826 3445 Dei
847 3385 998 3463 potentias

94 3470 159 3547 ejus
171 3469 303 3539 scientia,
323 3468 510 3549 providentia
524 3482 554 3529 et
567 3468 729 3536 voluntate,
741 3466 821 3545 qubd
836 3468 920 3525 Deus
935 3466 998 3525 sciet

93 3550 134 3608 tit
149 3548 390 3627 apprehendatur
400 3562 435 3608 ut
448 3548 626 3627 intelligens,
640 3546 830 3628 providentis
840 3557 877 3606 ut
886 3546 998 3624 dirigen

2 3688 4 3694 ,
94 3630 247 3688 voluntate
260 3641 296 3688 ut
308 3631 465 3708 imperans,
477 3640 506 3688 et
519 3630 653 3708 potentii
666 3640 701 3688 ut
712 3647 870 3706 exequens.

107 3744 111 3753 ·
133 3709 177 3770 11.
193 3710 231 3768 ln
248 3712 314 3771 Deo
324 3730 384 3770 non
398 3722 443 3770 est
454 3710 587 3789 potentia
599 3711 717 3788 passiva
731 3719 835 3787 utpote
844 3707 999 3787 imperfect

76 3792 338 3871 aequepotentia,
351 3812 421 3875 qun
434 3802 481 3854 est
491 3790 682 3874 principium
702 3786 786 3849 amns
797 3806 886 3858 mam
892 3786 998 3862 potenti
