2160 4072
399 116 445 163 ut
461 116 632 161 nocam.
925 98 991 163 385

80 262 122 323 B.
137 261 345 323 Peraoet'mn
358 262 442 323 adid
455 263 571 322 teneri:
591 262 786 332 vammum
800 264 887 323 Deua
900 273 934 322 ot
947 258 992 323 eat

53 343 154 403 uathor
170 345 450 421 supernaturalium,
460 343 674 402 invincibiliter
683 345 777 422 possit
784 344 926 421 ignorari,
937 364 992 422 per

53 423 185 483 recidens
199 424 332 483 excusari
347 426 457 502 poterit
469 425 583 483 ratione
592 424 767 501 ignorantiae
781 425 971 484 invincibilis.

82 502 186 564 Docet
196 514 296 563 tamen
306 506 337 564 S.
347 505 454 564 Thom.
463 515 568 582 quaeat.
581 513 626 563 14.
640 504 708 562 “de
717 505 840 563 veritate
852 509 932 563 ''ara
945 514 992 566 ll.

53 584 81 645 ιι
98 591 114 640 l
128 607 136 644 ε
151 592 172 619 “
181 585 282 658 Quod,
292 587 315 643 ai
325 585 503 662 quis'Deum
515 594 549 643 ut
556 584 710 644 authorem
721 586 992 661 supernaturalium

53 665 293 724 ‘invincibiliter
306 666 446 743 ignorans
455 665 576 734 faceret,
588 665 670 742 quod
679 665 711 722 in
721 686 752 722 se
763 676 807 723 est
817 684 884 723 cum
897 666 992 742 gratia

53 745 155 809 ‘Det
167 756 199 804 et
211 766 272 805 non
285 760 410 823 poneret
423 746 548 815 obicem,
574 747 602 803 ei
617 747 701 804 Deua
715 745 762 804 vel
776 765 830 823 per
844 746 993 804 internam

53 833 66 861 ⁸
79 825 308 903 inspirationem
321 827 466 885 revelaret
480 846 524 894 ea,
540 845 607 902 quae
617 825 657 883 ad
667 826 848 884 credendum
862 837 930 885 sunt
940 846 993 884 ne·

53 912 67 941 '‘
80 907 220 976 cessaria,
233 905 280 964 vel
295 906 423 999 aliquem
438 906 507 964 fidei
520 905 741 983 predicatorem
753 906 791 964 ad
803 927 869 964 eum
883 907 993 984 dirige-

53 992 141 1054 !ret,
156 985 233 1045 siout
247 986 327 1044 misit
344 989 462 1045 Petrum
482 986 521 1044 ad
532 986 735 1045 Cornelium?
777 987 891 1046 Similia
903 987 995 1047 habet

53 1066 241 1127 Ήιιὶιιιιεὸῧ
233 1086 264 1126 ιιι
278 1086 341 1144 cap
360 1076 406 1126 10
421 1065 995 1145 adRom.atid'1psumsuppon1tdoc

53 1146 129 1207 kim
152 1146 219 1225 ejua
233 1131 279 1206 de
302 1147 412 1206 veniali
437 1145 669 1225 incompossibili
689 1166 758 1204 curn
780 1147 842 1205 solu
857 1148 995 1226 originali

53 1226 101 1287 laic
114 1237 169 1285 art
191 1226 218 1286 6.

91 1310 143 1367 An
157 1307 233 1366 illud
245 1317 428 1386 praeceptum
443 1307 633 1367 convertendi
660 1328 703 1373 ae
713 1307 753 1364 ad
772 1310 871 1366 Deum
898 1310 995 1386 primo

53 1388 174 1447 'tamti
187 1386 256 1447 uelis
269 1388 391 1446 rationis
404 1388 517 1466 obligat
531 1389 617 1447 etiam
632 1389 819 1466 baptizatos?

91 1466 154 1526 111.
166 1469 202 1526 R
218 1468 411 1539 Affirmative,
423 1488 493 1546 qma
502 1487 563 1526 non
573 1469 680 1527 sufficit
695 1470 794 1527 Deum
806 1468 996 1527 habitualrter

54 1542 162 1606 habere
175 1568 231 1626 pro
244 1550 303 1607 fine
313 1548 428 1618 ultimo,
443 1548 505 1618 aed,
518 1547 736 1626 quamprimdm
752 1547 819 1641 quia
833 1568 925 1626 capax
940 1563 994 1618 est,

56 1625 145 1686 debet
163 1631 251 1688 etiam
274 1629 429 1688 actualiter
450 1629 499 1687 vel
517 1629 687 1687 virtualiter
702 1630 881 1689 constituere
896 1631 996 1689 Deum

57 1704 142 1766 linem
154 1729 240 1768 auum
254 1710 403 1770 ultimum

94 1784 168 1865 obj
184 1791 259 1849 Huc
281 1790 427 1848 sententia
449 1800 571 1888 generat
584 1789 740 1868 scrupulos
762 1801 793 1849 et
812 1791 995 1864 anxietates,-

60 1866 127 1944 qaia
137 1888 227 1928 nemo
241 1871 314 1930 seire
328 1881 434 1947 potest,
448 1868 547 1929 ιιιιιιιιι
561 1871 658 1947 primo
667 1871 787 1928 instanti
796 1869 865 1929 uarie
874 1873 997 1963 rationis

61 1945 126 2006 lruic
138 1962 289 2028 pracepto
301 1949 484 2020 satisfecerit,
499 1970 579 2026 ergo,
602 1960 657 2007 etc.

98 2028 155 2088 IV.
168 2030 203 2088 R,
216 2032 291 2108 Neg
308 2040 402 2088 antec
417 2050 484 2088 cum
505 2029 610 2106 Sylvio
623 2040 654 2087 et
673 2029 829 2106 Steyaert;
853 2050 921 2089 nam
946 2032 999 2109 qui

64 2120 127 2167 ιιιιιι
139 2110 189 2187 pie
210 2110 327 2170 edueati
338 2112 391 2168 et
380 2132 395 2167 a
409 2124 511 2169 tenera
523 2120 609 2166 aetate
633 2111 665 2166 in
688 2110 838 2187 mysteriis
860 2112 960 2169 fidei
952 2133 999 2170 m·

64 2189 174 2259 ιιιιιιιι,
190 2190 269 2249 soliti
282 2194 367 2249 mani
382 2201 412 2250 et
426 2192 548 2270 vespere
562 2209 657 2259 orare,
670 2202 762 2268 prout
775 2191 856 2284 apud
875 2192 997 2251 honesti

64 2268 198 2329 ducatos
211 2272 374 2343 consuevit,
388 2271 445 2329 nisi
456 2273 519 2350 jam
529 2281 602 2328 tunc
612 2271 801 2348 gravioribus
815 2272 894 2331 vitiis
905 2273 999 2330 dediti

63 2346 177 2420 fiierint,
189 2356 254 2409 ιιιιὸ
265 2371 445 2429 praesumere
453 2361 587 2430 possunt,
599 2350 711 2410 aehuic
724 2364 874 2430 praecepto
884 2352 999 2411 satisfe-

64 2428 153 2489 eiaaet
143 2431 222 2509 ,qui
233 2443 331 2490 autem
345 2431 416 2509 talia
428 2443 604 2510 argumenta
613 2451 674 2490 non
687 2432 807 2502 habeut,
822 2432 926 2490 meritd
943 2432 998 2490 du-

63 2504 162 2582 litant,
186 2522 218 2570 et
240 2512 279 2570 de
299 2532 334 2570 eo
355 2512 510 2590 proinde
502 2531 533 2569 m
558 2511 741 2570 confessione
765 2530 827 2569 sese
849 2523 998 2585 accusant,

61 2590 161 2650 altem
173 2593 231 2650 sub
241 2593 418 2651 conditione.

94 2672 134 2729 V.
150 2673 234 2730 Hinc
249 2673 428 2732 confessarii
442 2671 588 2751 ejusmodi
601 2692 711 2750 pueros
728 2672 761 2730 in
773 2672 870 2750 prima
885 2674 1000 2732 confes-

57 2750 137 2810 tiune
150 2771 273 2810 mouere
287 2753 406 2823 debent,
421 2765 457 2812 ut
474 2773 505 2811 se
519 2764 659 2812 accusent
672 2752 711 2810 de
723 2764 846 2831 peceato
854 2753 914 2812 isto
923 2755 1000 2814 forte

53 2831 225 2891 commisso.

92 2912 258 3006 Quomodo
281 2914 367 2990 pueri
388 2914 418 2971 in
442 2924 502 2972 tam
523 2924 627 2972 tenera
647 2914 1003 2992 aetate,et1n-rpsousda

53 2992 180 3052 rationis
190 2993 276 3050 initio
289 3005 414 3070 possunt
427 3015 458 3052 aa
471 2993 509 3051 ad
522 2995 621 3052 Deum
637 2998 831 3054 convertere?

94 3075 137 3132 R
151 3071 188 3129 Id
202 3092 263 3147 non
277 3073 351 3131 adeo
365 3094 428 3133 esse
442 3074 569 3144 difficile,
585 3086 619 3132 ut
629 3084 714 3132 notat
725 3075 869 3152 steyaert,
879 3085 1002 3145 attento,

53 3151 163 3233 q'udd
155 3140 241 3210 mitio
256 3157 326 3212 usus
340 3155 461 3212 rationis
473 3154 522 3211 lex
536 3166 648 3214 natura
664 3175 694 3212 ae
705 3154 810 3212 claritis
824 3155 1002 3224 manifestet,

53 3242 163 3311 utpote
178 3233 310 3291 nondum
327 3235 514 3312 passionibus
527 3234 677 3304 offuscata,
692 3246 722 3292 et
735 3235 888 3293 conversio
901 3234 954 3292 illa
965 3199 1004 3292 ad

53 3315 159 3374 Deum
180 3311 295 3371 tantum
312 3334 375 3372 esse
389 3315 529 3373 debeat‘
532 3316 714 3374 ‘secundum
732 3315 813 3392 quod
827 3315 894 3390 quis
908 3315 940 3373 in
953 3314 1006 3373 illa

53 3401 72 3429 ‘
89 3401 186 3451 atate
196 3404 243 3451 est
255 3414 346 3472 capax
361 3395 574 3463 discretionis?
588 3408 622 3454 ut
636 3396 685 3455 hic
695 3405 779 3453 notat
793 3405 911 3452 sanctus
923 3395 1006 3453 Tho-

53 3493 128 3533 maa.
149 3472 268 3532 Deinde
278 3475 566 3546 habitusoharitatis,
578 3477 630 3554 qui
638 3477 670 3533 in
681 3475 838 3554 baptizatio
847 3476 1004 3552 reperitur,

53 3573 117 3613 non
132 3560 179 3609 est
190 3554 311 3613 otiosus.

95 3632 191 3693 Unde
205 3645 250 3691 sat
263 3639 378 3694 eertum
393 3647 437 3694 eet
449 3634 608 3714 plerosque
622 3655 733 3713 pueros
746 3634 778 3692 in
792 3634 917 3694 infantia
929 3637 1004 3714 bap-

53 3714 205 3773 tizatoset
232 3715 311 3790 pie
327 3715 478 3790 educatos,
523 3716 596 3775 huic
628 3725 784 3797 praeepto
824 3717 1021 3775 aat'iaiee‘raae.

87 3792 188 3851 Tracl.
204 3792 241 3848 de
249 3796 396 3856 Peccata
545 3808 565 3861 2
581 3819 601 3860 ι,
