2160 4072
209 78 356 159 subjectio
368 78 408 137 ad
422 76 569 156 spiritum.
612 78 739 137 Peccata
750 85 856 136 contra
868 75 942 141 alim
955 78 1017 138 virt

209 160 252 221 ita
264 169 466 238 aggravantur
478 177 515 216 ex
530 157 699 217 conditione
709 156 854 239 temporis
870 156 991 240 jejunii,
1016 188 1017 197 ¹

209 241 251 299 ita
261 252 432 318 repugnent
445 239 497 299 fini
507 237 667 298 intrinseco
676 238 752 315 legis
761 234 882 316 jejunii.

249 321 333 394 Quid
347 320 493 398 signifieat
506 317 728 379 circumstantia
741 326 760 353 ‘·
776 317 927 395 quando,”
942 331 1017 400 quat

210 411 310 479 portat
325 401 516 481 quantitatem
531 399 695 478 temporis?
713 440 717 447 ,

188 532 192 550 ,
252 482 305 539 IV.
323 484 359 543 R.
375 480 530 558 Significat
543 478 730 539 durationem
741 481 924 541 extensivam
937 480 1017 541 actirs

211 561 273 621 sive
287 562 516 640 protractionem
526 570 556 619 et
567 559 861 621 continuationemir'r
869 571 940 622 actu
951 582 1017 642 pecs

210 652 301 720 auget
309 654 467 720 peccatum
480 640 513 699 in
523 640 627 700 eadem
640 639 759 718 specie3
770 649 800 699 et
813 642 937 720 quidem
951 644 977 702 si
992 644 1017 701 di

212 723 353 781 notabilis
365 721 397 780 in
410 732 534 800 peccato
547 720 671 791 mortali,
685 720 775 780 debet
788 723 916 803 exprimi
929 725 961 782 in
976 745 1017 783 coi

210 814 353 880 tanquam
377 802 597 862 circumstantia
617 801 790 860 notabiliter
802 814 981 880 aggravans,
1011 826 1017 861 i

210 903 265 963 per
280 882 475 960 quadrantem
485 882 602 942 inhaesit
610 882 798 941 delectationi
808 902 934 943 morosas
942 885 1017 944 circa

212 963 333 1033 tionem,
348 963 438 1023 dehet
447 973 564 1041 tempus
577 963 655 1021 illud
663 963 838 1040 exprimere.

252 1044 302 1103 Ex
315 1064 350 1102 eo
363 1055 473 1115 tamen,
487 1043 569 1122 quod
583 1045 614 1101 in
627 1042 723 1121 spatio
746 1063 774 1101 v.
797 1063 827 1121 g.
841 1043 933 1103 unius
946 1045 1017 1103 hora

213 1124 321 1183 stantia
334 1123 458 1194 infinita,
474 1144 534 1183 non
548 1124 691 1217 sequitur,
707 1134 863 1200 peccatum
877 1145 932 1202 per
945 1125 1017 1184 hora

212 1213 338 1264 nuatum
352 1205 504 1264 continere
513 1204 645 1264 infinitas
658 1203 786 1262 malitias
798 1226 806 1269 t
827 1220 896 1263 nam
905 1207 1017 1282 operati¹

212 1304 273 1343 non
288 1283 361 1344 dicit
375 1284 509 1345 ordinem
524 1285 562 1343 ad
572 1296 691 1363 tempus
714 1293 881 1356 externum,
904 1286 956 1343 sed
973 1288 1014 1344 ad

214 1385 301 1425 oncm
314 1365 525 1437 intrinsecam
551 1364 661 1424 deinde
679 1373 724 1425 ett
737 1363 851 1423 tannim
871 1384 950 1425 unua
971 1378 1017 1426 act

213 1456 322 1505 nuatus
334 1467 342 1506 a
356 1464 429 1524 ergo
443 1445 556 1505 tantiam
572 1465 665 1503 unum
677 1454 844 1523 peceatum,
872 1440 956 1524 quod
970 1451 1017 1525 qni

214 1522 334 1603 singula
346 1526 486 1585 instantia
500 1525 623 1584 moralia
642 1524 870 1585 continuationis
883 1538 1016 1604 augetur

249 1605 287 1663 In
314 1605 425 1683 quibus
446 1606 576 1683 peccatis
600 1605 750 1684 pracipue
776 1614 807 1664 et
834 1607 1017 1685 ordinariep

217 1694 276 1743 tem
300 1686 359 1744 oris
373 1685 559 1745 durationem
574 1686 741 1764 specialiter
754 1686 920 1764 exprimere
933 1687 1017 1745 debe

288 1807 295 1822 .
309 1767 343 1826 R.
361 1764 399 1824 1⁰.
413 1767 449 1824 In
463 1766 593 1843 peccatis
607 1766 749 1839 internis;
766 1766 837 1844 quia
849 1787 942 1844 perse
952 1767 1017 1825 null

216 1845 322 1909 inillis
349 1846 593 1925 subintelligitur,
619 1848 685 1907 chm
704 1847 795 1905 unico
817 1847 940 1906 instanti
962 1866 1017 1907 con

217 1926 306 1985 etiam
319 1927 412 2005 longo
420 1921 554 2006 iempore
568 1928 734 1987 continuari
747 1927 872 2005 possint.

258 2005 300 2067 2⁰.
317 2007 353 2065 ln
377 2008 591 2067 consuetudine
605 2008 653 2067 vel
678 2009 830 2067 occasione
853 2008 1017 2086 proxima]

218 2097 270 2144 aut
284 2085 315 2144 in
324 2085 508 2166 negligentia
517 2089 692 2148 restituendi
705 2089 846 2154 alienum,
857 2089 928 2165 quia
940 2099 1017 2147 tant(

217 2169 428 2245 perseveravit,
439 2188 500 2226 non
510 2171 622 2227 tantiam
636 2170 668 2227 in
681 2168 836 2240 habituali,
850 2169 902 2227 sed
916 2170 1007 2226 etiam

217 2257 340 2324 peccato
359 2248 525 2309 virtualiter
538 2261 759 2327 perseverante,
774 2270 827 2308 seu
846 2249 879 2306 in
899 2249 1006 2308 affectu

219 2339 280 2387 tate
292 2330 439 2406 peccandi
452 2330 626 2390 mortaliter.

260 2407 314 2468 Vl.
340 2410 477 2471 Observa
500 2410 669 2489 diligenter,
698 2409 762 2468 hac
786 2410 988 2469 duomulthm
1013 2438 1017 2466 ‹

218 2506 418 2567 perseverare,
433 2512 485 2550 seu
497 2513 615 2550 manere
629 2493 661 2549 in
672 2501 740 2550 actu
754 2491 802 2548 vel
815 2491 922 2550 affectu
932 2511 1017 2569 pecca

218 2568 266 2640 lis,
280 2581 311 2629 et
321 2591 440 2630 manere
450 2574 481 2630 in
489 2583 611 2650 peccato
624 2569 768 2630 habituali
782 2569 908 2629 tantiam:
922 2591 993 2629 nam
1008 2594 1017 2630 r

220 2650 252 2707 in
262 2649 378 2721 affectu,
390 2654 528 2711 continuo
539 2663 643 2730 peccat
654 2676 663 2722 ;
679 2650 730 2710 sed
744 2651 794 2727 qui
809 2651 921 2707 tannim
931 2671 1017 2709 mane

219 2729 380 2789 habitualis
402 2733 528 2810 peccati,
554 2731 691 2810 deposito
710 2731 774 2808 ejus
788 2729 895 2788 affectu
914 2750 976 2788 non
991 2752 1017 2810 p«

220 2809 306 2889 plius,
322 2811 375 2869 etsi
390 2813 504 2871 macula
513 2813 824 2890 peccatipermaneat3
840 2810 897 2867 nisi
908 2811 986 2870 forte
1000 2825 1017 2870 t<
