2152 4066
295 40 341 83 DE
365 40 507 84 ACTIBUS
531 41 703 84 nunsula.
906 39 967 88 105

65 183 128 244 111.
156 186 192 244 R.
216 184 389 264 Requiritur
406 196 437 244 et
450 187 557 245 sufficit
569 186 692 246 libertas
706 187 947 248 contradictionis
955 213 966 260 3

58 282 93 322 an
105 264 196 343 juxta
209 266 239 324 S.
256 265 364 324 Thoen.
378 265 411 323 in
423 274 453 329 a.
469 265 658 326 distinctione
672 274 719 328 25.
734 288 764 345 q.
775 276 801 327 l.
817 279 870 327 art.
889 279 914 328 1.
930 269 969 326 ad

75 351 96 379 “
109 343 162 404 Ad
175 344 344 409 libertatem
355 346 470 404 arbitrii
483 350 622 425 pertinet,
637 358 672 407 ut
682 348 828 407 actionem
838 348 968 427 aliquam

64 423 170 495 iacere,
192 427 241 484 vel
255 426 424 484 nonfacere
437 428 556 504 possit.”
903 472 906 479 .

68 505 238 566 Probatur:
252 506 285 563 in
299 505 375 573 Deo,
390 505 508 565 Christo
522 517 551 565 et
565 508 664 566 Beatis
677 519 722 567 est
735 508 867 586 perfecta
879 508 969 567 liber-

58 605 87 644 u:
101 585 187 663 atqui
200 597 301 645 tamen
314 604 374 644 non
387 585 499 645 habent
513 587 738 646 indifferentiam
753 590 968 648 contrarietatis

58 664 192 726 ibonum
206 678 237 726 et
250 665 370 734 malum,
395 669 459 724 curn
474 667 532 726 sint
545 667 771 745 impeccabiles:
795 688 867 746 ergo
880 668 920 727 ad
932 669 969 726 li-

58 755 169 804 ertatem
180 745 387 805 mdifferentiae
402 766 462 805 non
472 748 635 825 requiritur
645 748 766 808 libertas
779 750 969 808 contrarieta-

58 845 72 894 t,
91 824 145 883 sed
159 827 269 887 sufficit
282 826 402 884 libertas
417 827 667 886 contradictionis.

66 906 119 964 IV.
143 908 194 966 Ex
206 907 294 966 dictis
307 918 398 984 patet,
413 908 494 984 quod
507 909 640 986 potentia
653 909 797 986 peccandi
807 928 865 968 non
876 905 969 986 perti·

58 997 90 1045 at
103 986 145 1044 ad
158 987 315 1046 essentiam
331 987 489 1047 libertatis:
504 988 575 1047 hinc
589 989 662 1047 dicit
676 991 705 1048 S.
723 991 781 1048 Th.
796 1001 899 1066 quaeat
918 998 968 1048 2⁶2.

58 1066 94 1125 de
107 1067 270 1126 Veritate'’
284 1077 330 1125 art
344 1067 372 1126 6.
413 1074 434 1101 “
449 1067 534 1126 Vellc
556 1069 665 1126 malum
688 1089 743 1127 nec
768 1083 813 1127 est
833 1070 964 1140 libertas,

58 1166 115 1206 nec
129 1167 201 1224 pars
214 1147 369 1216 libertatis,
384 1149 520 1225 quamvis
532 1149 571 1207 sit
585 1149 734 1225 quoddam
749 1151 894 1209 libertatis
909 1149 968 1226 sig-

58 1229 160 1285 uum?
204 1229 245 1286 Et
260 1237 287 1286 1.
301 1237 378 1305 part.
393 1238 497 1305 quaest.
512 1228 560 1288 62.
584 1239 639 1287 art.
654 1237 683 1289 8.
705 1230 743 1288 ad
756 1237 783 1287 3.
798 1230 966 1308 dicitquod

58 1326 146 1366 coare
155 1309 289 1386 pertinet
299 1307 338 1366 ad
352 1309 502 1367 defectum
516 1309 672 1368 libertatis.

63 1388 130 1446 Nec
138 1389 248 1458 obstat,
263 1387 344 1466 quod
355 1388 508 1467 Scriptura
518 1399 548 1446 et
560 1390 661 1447 Patres
672 1391 838 1468 exprimant
846 1388 966 1459 liberta-

58 1486 79 1523 u
86 1487 146 1545 per
155 1468 319 1546 potentiam
331 1469 491 1547 peccandi;
502 1489 570 1527 narn
581 1482 675 1547 agunt
683 1469 721 1528 de
730 1469 868 1528 libertate
876 1485 968 1548 prout

58 1566 64 1604 :
77 1548 111 1605 in
123 1549 212 1629 nobis
226 1548 398 1620 viatoribus,
414 1550 466 1628 qui
480 1550 647 1609 libertatem
658 1550 801 1629 peccandi
813 1550 966 1609 habemus.

78 1662 128 1779 aa.
172 1709 231 1768 nr
260 1709 552 1850 uncnssrpqqp
586 1712 796 1770 canosina
825 1710 967 1770 arnna.

85 1907 252 1968 Necessitas
278 1909 405 1969 absoluta
431 1920 569 1989 repugnat
605 1911 728 1969 libertati
760 1909 964 1989 indifferentia.

64 1988 106 2046 11.
128 1986 208 2052 Quid
220 1989 347 2047 uoluntas
367 1997 398 2047 ut
420 1997 531 2049 natura.
576 1990 636 2050 ΙΙΙ.
662 1989 821 2047 Necessitas
834 1989 966 2067 hypothe-

63 2067 118 2124 tica
134 2087 189 2123 non
204 2067 274 2125 tollit
288 2067 449 2127 libertatem.
493 2068 546 2127 IV.
570 2068 730 2146 Propositio
742 2069 885 2127 damnata.

65 2186 165 2257 QUAE
185 2188 344 2247 necessitas
368 2190 538 2266 opponitur,
569 2209 620 2248 seu
643 2188 776 2247 excludit
798 2188 965 2247 libertatem

58 2265 251 2326 differentiae?
519 2273 522 2277 ’

68 2346 91 2404 Ι.
114 2348 150 2405 R.
168 2349 242 2405 Eam
257 2348 390 2406 excludit
403 2351 561 2409 necessitas
586 2357 606 2385 “
620 2351 783 2419 absoluta-,”
797 2368 864 2427 quae
876 2348 964 2406 etiam

58 2427 183 2487 cessitas
198 2435 218 2462 “
226 2429 413 2499 antecedens,
429 2430 582 2507 simplex,”
597 2430 646 2488 vel
659 2430 818 2489 necessitas
833 2436 853 2463 “
864 2448 965 2487 conse-

62 2507 206 2584 quentis''
229 2519 362 2579 vocatur,
385 2510 553 2587 cujusmodi
568 2523 612 2570 est
625 2511 783 2569 necessitas
808 2508 966 2567 coactionis

58 2607 77 2644 ea
90 2587 249 2657 violentiae,
272 2590 342 2646 item
355 2592 513 2649 necessitas
528 2591 677 2650 naturalis.

67 2667 154 2740 Quod
169 2669 327 2728 necessitas
354 2671 522 2739 coactionis,
552 2692 603 2730 seu
627 2669 783 2739 violentiae,
797 2668 963 2727 libertatem

58 2746 119 2818 ilat,
134 2759 218 2826 patet
232 2770 268 2807 ex
283 2769 327 2820 eo,
343 2751 421 2827 quud
437 2750 487 2808 illa
500 2773 567 2829 quae
582 2755 680 2810 coacte
696 2750 781 2818 fiunt,
803 2749 963 2826 nequidem

58 2841 94 2886 art
108 2829 286 2901 voluntarie,
311 2834 380 2888 cum
395 2831 478 2888 nullo
493 2833 581 2891 modo
596 2837 610 2890 a
626 2832 777 2890 voluntate
791 2830 964 2906 procedant,

58 2908 77 2965 d
90 2912 105 2966 a
120 2908 272 2988 principio
286 2911 462 2982 extrinseco,
484 2913 637 2971 voluntate
651 2915 752 2971 contra
767 2911 890 2967 nitente.

66 2991 142 3062 Quae
155 2995 226 3049 verb
242 2991 318 3049 liunt
331 3011 368 3049 ex
382 2994 555 3051 necessitate
568 2992 706 3060 natarali,
728 2991 798 3049 licat
821 3014 835 3046 a
860 2989 965 3046 volun-

58 3079 84 3129 te
96 3070 271 3148 procedant,
291 3072 458 3149 procedunt
470 3084 570 3131 nmen
584 3074 646 3131 sine
667 3071 864 3130 indifferentia
883 3069 965 3147 judi-

58 3149 73 3220 i,
93 3151 229 3227 adeoque
252 3171 313 3210 non
338 3151 439 3211 libere.
482 3152 563 3211 Talis
585 3154 742 3212 necessitas
766 3152 912 3227 reperitur
934 3148 966 3204 in

58 3250 122 3289 nore
136 3231 282 3290 beatifico.

66 3308 135 3388 Obj,¹
152 3313 185 3371 S.
200 3313 369 3371 Bernartius
383 3313 460 3371 libro
475 3315 542 3372 “de
555 3314 651 3392 gratia
667 3324 696 3372 et
709 3314 804 3371 libero
816 3308 939 3367 arbitrio
950 3312 966 3332 '’

58 3410 86 3467 p.
104 3399 129 3448 l.
148 3392 243 3451 dicit:
258 3401 277 3427 “
287 3394 339 3451 ubi
354 3393 501 3463 voluntas,
516 3396 557 3452 ibi
571 3394 709 3453 libertas:
722 3396 738 3417 '⁹
754 3411 825 3468 ergo
841 3389 967 3447 necessi·

58 3490 68 3528 s
78 3473 236 3544 naturalis,
251 3472 317 3531 caim
328 3493 389 3531 non
399 3474 484 3533 tollat
496 3476 686 3545 voluntatem,
701 3473 788 3532 etiam
800 3490 859 3530 non
870 3470 969 3526 aufert

58 3562 200 3611 ertatem.
926 3592 928 3597 ,

64 3632 100 3693 R.
123 3634 203 3691 Dist.
220 3654 354 3711 conseq:
371 3656 430 3694 non
455 3637 554 3697 aufert
573 3635 740 3695 libertatem
769 3638 785 3693 a
806 3630 967 3703 coactione,

58 3729 94 3766 rc.
111 3721 208 3767 totam
215 3735 230 3780 ,·
244 3732 304 3770 non
315 3716 418 3776 aufert
430 3717 606 3782 libertatem
621 3715 849 3789 indifferentiae.
867 3733 961 3795 nequ.
