2160 4072
67 58 134 129 2oe
436 84 638 131 raacrarcs

67 229 106 287 ab
120 227 187 307 ipso
200 240 342 307 peccante
352 229 558 301 committitur,
569 231 651 291 aliud
665 231 807 304 alienum,

67 307 180 403 factum
194 309 281 369 nobis
294 310 461 390 imputatur
474 323 579 390 utpote
592 322 695 371 nostro
704 313 804 392 jussu,

67 407 272 449 commissum.

109 469 250 548 Denique
265 469 402 548 quadum
411 482 538 550 peccata
551 472 695 532 dicuntur
708 473 818 552 capital

68 549 100 607 in
115 547 222 608 caelum
233 550 407 611 clamantia:
423 551 481 611 alia
493 563 596 612 contra
605 564 754 625 naturam,
766 555 819 613 alia

71 630 213 690 Sanctum
227 631 373 690 committi
387 631 537 691 dicuntur.

110 709 207 770 Aliud
223 721 380 789 peccatum
406 714 446 772 ab
472 713 623 792 aliquibus
652 713 766 773 dicitur
794 716 819 773 T

69 789 151 866 aliud
162 790 423 868 philosophicum
451 795 552 852 verim
573 793 655 852 illam
680 794 819 854 division

73 871 142 931 dom
155 889 220 931 esse
234 870 354 932 docebit
368 873 461 934 Num.
480 894 616 953 sequens.

167 1035 268 1105 N..9o.
290 1035 349 1093 DE
372 1035 566 1096 PECCATO
590 1035 819 1098 PHILOSOP]

368 1194 392 1254 Ι.
410 1195 571 1274 Proposila'o
584 1197 728 1256 damnata.

109 1354 344 1418 PECCATUM
358 1355 468 1416 dicitur
483 1356 699 1434 Theologicum
714 1369 819 1436 quater

73 1435 135 1516 legi
149 1446 276 1506 aeternae,
288 1456 379 1514 qnam
392 1436 560 1496 considerat
575 1439 768 1517 Theologus;
783 1440 819 1517 pl

74 1521 144 1577 vero
165 1517 309 1594 quatenus
328 1528 478 1596 repugnat
498 1527 587 1576 reotae
607 1519 724 1589 rationi,
749 1540 819 1597 quar

76 1596 286 1674 Philosophus,

117 1676 280 1751 Quaeritur,
293 1697 332 1736 an
345 1677 432 1736 datur
445 1689 601 1756 peccatum
614 1682 695 1739 mere
706 1679 819 1759 philosc

76 1757 160 1836 quod
172 1766 321 1835 repugnat
333 1768 421 1817 rectae
434 1758 552 1828 rationi,
564 1757 617 1816 sed
627 1759 763 1838 nonlegi
777 1773 819 1820 aet

117 1838 152 1898 R.
169 1838 316 1915 Negativd
326 1863 336 1912 ;
348 1840 418 1916 quia
429 1838 578 1917 quidquid
587 1849 632 1897 est
641 1851 819 1900 contrarect·

77 1928 122 1979 est
135 1930 239 1978 contra
250 1917 348 1997 legem
372 1930 521 1989 eternam,
549 1921 614 1978 cim
628 1930 709 1978 recta
722 1923 798 1979 ratio
812 1943 820 1978 1

77 2000 166 2077 quim
180 1999 368 2078 participatio
376 2001 451 2079 legis
466 2010 582 2058 aeternae
594 1999 625 2056 in
639 2011 738 2059 mente
748 2021 819 2059 creat

78 2100 229 2157 supponas
243 2080 340 2158 legem
355 2093 495 2141 aeternam
510 2080 639 2156 ignorari
651 2080 818 2139 invincibili

77 2158 155 2218 illud
166 2179 228 2218 esse
243 2160 435 2238 impossibile,
443 2164 584 2239 quantiam
597 2161 634 2217 ad
646 2160 819 2236 ignorantiar

76 2239 148 2299 licet
161 2240 235 2298 forti
249 2240 368 2300 admitti
382 2242 475 2320 possit
487 2262 543 2318 pro
567 2241 733 2317 ignorantia
753 2262 819 2319 spec

79 2319 173 2380 haecd
198 2331 320 2398 peccato
343 2323 460 2381 formali
484 2320 668 2398 Theologico
688 2342 749 2380 non
773 2344 819 2381 ex<

79 2403 171 2461 Num.
188 2400 215 2462 6.
231 2403 332 2461 Tract.
355 2410 375 2437 “
389 2402 426 2461 de
439 2405 533 2464 Deo.¹’

119 2482 263 2554 Quamvis
277 2483 369 2560 igitur
382 2495 538 2562 peccatum
561 2484 647 2543 aliter
661 2483 819 2542 considere⁴

77 2562 147 2639 logo
160 2575 191 2621 et
204 2563 290 2623 aliter
304 2567 320 2623 ὲ
332 2564 521 2642 Philosopho‚
531 2576 565 2622 ut
578 2567 657 2623 rectd
669 2563 741 2621 dicit
757 2565 785 2622 S.
803 2564 819 2620 l

79 2652 127 2709 71.
143 2653 189 2701 art
202 2643 229 2705 6.
244 2643 283 2702 ad
298 2653 326 2704 5.
346 2645 463 2702 nullum
487 2656 586 2703 tamen
600 2655 644 2703 est
667 2655 819 2721 peccatum

79 2743 157 2794 cum,
170 2725 244 2802 quin
259 2725 347 2782 simul
361 2725 399 2784 sit
414 2725 630 2801 Theologicum
644 2737 674 2783 et
684 2723 794 2783 offensa
809 2727 819 2782 l

120 2803 144 2862 Ι.
158 2800 315 2864 Peccatum
325 2804 560 2883 philosophicum
576 2825 627 2863 seu
638 2804 749 2864 morale
763 2817 807 2863 est

77 2904 135 2942 nus
149 2884 374 2943 disconveniens
383 2880 496 2944 naturae
506 2886 642 2945 rationali
652 2897 682 2943 et
696 2895 783 2944 rectae
794 2907 819 2942 re

80 2964 212 3042 logicum
228 2969 297 3024 vero
312 2977 343 3023 et
355 2965 480 3025 mortale
489 2977 533 3026 est
547 2966 742 3042 transgressio
756 2967 819 3024 libe¹

78 3046 144 3124 gis;
159 3053 181 3081 “
189 3045 440 3123 Philosophicum,
448 3049 640 3125 quantumvis
648 3046 819 3122 grave,inill

80 3134 101 3161 “
109 3126 157 3187 vel
167 3128 285 3204 ignorat
295 3124 343 3183 vel
354 3125 393 3184 de
405 3127 471 3185 Deo
481 3140 550 3187 actu
561 3148 621 3186 non
631 3126 752 3203 cogitat,
763 3138 807 3184 est

82 3207 239 3274 “tum,sed
250 3217 362 3265 nonest
373 3206 483 3265 offensa
492 3210 560 3278 Dei,
566 3228 664 3285 neque
672 3216 819 3284 peccaturi

81 3295 102 3322 “
112 3288 230 3347 solvens
240 3286 399 3346 amicitiam
414 3288 483 3358 Dei,
497 3309 595 3367 neque
608 3290 716 3346 aeterni
728 3293 817 3364 poent

83 3448 121 3507 n.
136 3457 184 3520 91.
200 3450 258 3508 na
276 3447 469 3509 incesso
486 3419 730 3509 nasaniam
747 3449 802 3506 ET

81 3608 107 3667 l.
120 3608 252 3667 Formule
262 3617 414 3686 peceatum.
457 3609 499 3673 ΙΙ,
516 3608 669 3666 Materiale
680 3615 819 3685 peccatura

108 3688 346 3769 terialepeccoti„
391 3689 446 3749 lv.
478 3689 608 3749 Formule
634 3688 752 3763 peccati.
785 3689 811 3743 l

100 3776 184 3833 auter
195 3772 353 3834 materiale
360 3779 517 3856 peccatum
529 3777 555 3829 et
569 3763 716 3824 materiale
725 3772 819 3837 peceat
