<?xml version="1.0" encoding="UTF-8"?>
<!DOCTYPE html PUBLIC "-//W3C//DTD XHTML 1.0 Transitional//EN"
    "http://www.w3.org/TR/xhtml1/DTD/xhtml1-transitional.dtd">
<html xmlns="http://www.w3.org/1999/xhtml" xml:lang="en" lang="en">
 <head>
  <title>
</title>
<meta http-equiv="Content-Type" content="text/html;charset=utf-8" />
  <meta name='ocr-system' content='tesseract 3.04.00' />
  <meta name='ocr-capabilities' content='ocr_page ocr_carea ocr_par ocr_line ocrx_word'/>
</head>
<body>
  <div class='ocr_page' id='page_1' title='image "./theologiamorali00densgoog_0342.png"; bbox 0 0 2160 4072; ppageno 0'>
   <div class='ocr_carea' id='block_1_1' title="bbox 386 88 972 155">
    <p class='ocr_par' dir='ltr' id='par_1_1' title="bbox 386 88 972 155">
     <span class='ocr_line' id='line_1_1' title="bbox 386 88 972 155; baseline -0.005 0"><span class='ocrx_word' id='word_1_1' title='bbox 386 110 432 155; x_wconf 81' lang='lat' dir='ltr'>as</span> <span class='ocrx_word' id='word_1_2' title='bbox 455 110 627 154; x_wconf 75' lang='lat' dir='ltr'>enecans.</span> <span class='ocrx_word' id='word_1_3' title='bbox 907 88 972 153; x_wconf 73' lang='grc'>338</span> 
     </span>
    </p>
   </div>
   <div class='ocr_carea' id='block_1_2' title="bbox 10 252 1054 3295">
    <p class='ocr_par' dir='ltr' id='par_1_2' title="bbox 10 252 1054 2016">
     <span class='ocr_line' id='line_1_2' title="bbox 10 252 970 335; baseline -0.004 -17"><span class='ocrx_word' id='word_1_4' title='bbox 10 254 107 321; x_wconf 63' lang='lat' dir='ltr'>ku.</span> <span class='ocrx_word' id='word_1_5' title='bbox 122 276 188 335; x_wconf 87' lang='lat' dir='ltr'>cap.</span> <span class='ocrx_word' id='word_1_6' title='bbox 204 264 234 314; x_wconf 88' lang='grc'><strong>2.</strong></span> <span class='ocrx_word' id='word_1_7' title='bbox 248 254 391 314; x_wconf 85' lang='lat' dir='ltr'>intentata</span> <span class='ocrx_word' id='word_1_8' title='bbox 404 255 463 315; x_wconf 85' lang='lat' dir='ltr'>fuit</span> <span class='ocrx_word' id='word_1_9' title='bbox 475 276 563 333; x_wconf 87' lang='lat' dir='ltr'>poena</span> <span class='ocrx_word' id='word_1_10' title='bbox 573 255 696 327; x_wconf 84' lang='lat' dir='ltr'>mortis3</span> <span class='ocrx_word' id='word_1_11' title='bbox 719 264 749 315; x_wconf 86' lang='lat' dir='ltr'>et</span> <span class='ocrx_word' id='word_1_12' title='bbox 764 252 840 313; x_wconf 90' lang='lat' dir='ltr'><strong>Gen.</strong></span> <span class='ocrx_word' id='word_1_13' title='bbox 862 274 925 333; x_wconf 87' lang='lat' dir='ltr'>cap.</span> <span class='ocrx_word' id='word_1_14' title='bbox 941 263 970 316; x_wconf 79' lang='lat'>3.</span> 
     </span>
     <span class='ocr_line' id='line_1_3' title="bbox 10 332 971 415; baseline -0.003 -18"><span class='ocrx_word' id='word_1_15' title='bbox 10 332 111 397; x_wconf 68' lang='lat' dir='ltr'>&#39;burs</span> <span class='ocrx_word' id='word_1_16' title='bbox 122 337 242 415; x_wconf 85' lang='lat' dir='ltr'>aliaque</span> <span class='ocrx_word' id='word_1_17' title='bbox 251 335 329 393; x_wconf 89' lang='lat' dir='ltr'>mala</span> <span class='ocrx_word' id='word_1_18' title='bbox 340 355 395 414; x_wconf 90' lang='lat' dir='ltr'>per</span> <span class='ocrx_word' id='word_1_19' title='bbox 405 346 560 415; x_wconf 88' lang='lat' dir='ltr'>peccatum</span> <span class='ocrx_word' id='word_1_20' title='bbox 572 335 715 413; x_wconf 78' lang='lat' dir='ltr'><strong>originale</strong></span> <span class='ocrx_word' id='word_1_21' title='bbox 725 336 756 393; x_wconf 94' lang='lat' dir='ltr'>in</span> <span class='ocrx_word' id='word_1_22' title='bbox 766 335 971 411; x_wconf 87' lang='lat' dir='ltr'>genushuma·</span> 
     </span>
     <span class='ocr_line' id='line_1_4' title="bbox 10 415 970 494; baseline -0.006 -15"><span class='ocrx_word' id='word_1_23' title='bbox 10 424 105 479; x_wconf 60' lang='lat' dir='ltr'>hm</span> <span class='ocrx_word' id='word_1_24' title='bbox 117 418 237 475; x_wconf 85' lang='lat' dir='ltr'>invecta</span> <span class='ocrx_word' id='word_1_25' title='bbox 250 415 340 494; x_wconf 87' lang='lat' dir='ltr'>hujus</span> <span class='ocrx_word' id='word_1_26' title='bbox 352 416 492 494; x_wconf 83' lang='lat' dir='ltr'>priscepti</span> <span class='ocrx_word' id='word_1_27' title='bbox 505 415 730 493; x_wconf 78' lang='lat' dir='ltr'>transgressioni</span> <span class='ocrx_word' id='word_1_28' title='bbox 739 415 949 473; x_wconf 89' lang='lat' dir='ltr'>adscribuntur</span> <span class='ocrx_word' id='word_1_29' title='bbox 960 438 970 487; x_wconf 83' lang='lat'><em>3</em></span> 
     </span>
     <span class='ocr_line' id='line_1_5' title="bbox 10 494 970 575; baseline -0.003 -19"><span class='ocrx_word' id='word_1_30' title='bbox 10 494 112 556; x_wconf 68' lang='lat' dir='ltr'>ude</span> <span class='ocrx_word' id='word_1_31' title='bbox 123 508 156 556; x_wconf 92' lang='lat' dir='ltr'>et</span> <span class='ocrx_word' id='word_1_32' title='bbox 166 496 272 575; x_wconf 85' lang='lat' dir='ltr'>Apost</span> <span class='ocrx_word' id='word_1_33' title='bbox 284 495 322 552; x_wconf 92' lang='lat' dir='ltr'>ad</span> <span class='ocrx_word' id='word_1_34' title='bbox 338 497 421 554; x_wconf 87' lang='lat' dir='ltr'>Rom.</span> <span class='ocrx_word' id='word_1_35' title='bbox 437 515 502 573; x_wconf 88' lang='lat' dir='ltr'>cap.</span> <span class='ocrx_word' id='word_1_36' title='bbox 517 504 545 556; x_wconf 89' lang='lat'>5.</span> <span class='ocrx_word' id='word_1_37' title='bbox 558 516 588 557; x_wconf 85' lang='lat' dir='ltr'>v.</span> <span class='ocrx_word' id='word_1_38' title='bbox 602 505 648 566; x_wconf 90' lang='lat'>19.</span> <span class='ocrx_word' id='word_1_39' title='bbox 662 495 753 554; x_wconf 84' lang='lat' dir='ltr'>dicit:</span> <span class='ocrx_word' id='word_1_40' title='bbox 769 497 855 554; x_wconf 88' lang='lat' dir='ltr'>“Per</span> <span class='ocrx_word' id='word_1_41' title='bbox 868 496 970 553; x_wconf 93' lang='lat' dir='ltr'>inobe-</span> 
     </span>
     <span class='ocr_line' id='line_1_6' title="bbox 10 574 971 653; baseline 0.004 -24"><span class='ocrx_word' id='word_1_42' title='bbox 10 574 47 629; x_wconf 60' lang='grc' dir='ltr'>ἐξ</span> <span class='ocrx_word' id='word_1_43' title='bbox 58 574 212 635; x_wconf 79' lang='lat' dir='ltr'>dientiam</span> <span class='ocrx_word' id='word_1_44' title='bbox 246 576 335 633; x_wconf 90' lang='lat' dir='ltr'>unius</span> <span class='ocrx_word' id='word_1_45' title='bbox 360 576 489 634; x_wconf 91' lang='lat' dir='ltr'>hominis</span> <span class='ocrx_word' id='word_1_46' title='bbox 515 587 683 653; x_wconf 79' lang='lat' dir='ltr'>peccatores</span> <span class='ocrx_word' id='word_1_47' title='bbox 717 575 868 634; x_wconf 89' lang='lat' dir='ltr'>constituti</span> <span class='ocrx_word' id='word_1_48' title='bbox 902 585 971 633; x_wconf 89' lang='lat' dir='ltr'>sunt</span> 
     </span>
     <span class='ocr_line' id='line_1_7' title="bbox 10 652 971 733; baseline 0 -20"><span class='ocrx_word' id='word_1_49' title='bbox 10 652 43 685; x_wconf 83' lang='lat'>&#39;¹&#39;</span> <span class='ocrx_word' id='word_1_50' title='bbox 56 654 157 715; x_wconf 88' lang='lat' dir='ltr'>multi</span> <span class='ocrx_word' id='word_1_51' title='bbox 166 659 195 724; x_wconf 90' lang='lat'>;”</span> <span class='ocrx_word' id='word_1_52' title='bbox 209 666 239 714; x_wconf 89' lang='lat' dir='ltr'>et</span> <span class='ocrx_word' id='word_1_53' title='bbox 253 654 336 714; x_wconf 88' lang='lat' dir='ltr'>Trid.</span> <span class='ocrx_word' id='word_1_54' title='bbox 352 655 429 714; x_wconf 87' lang='lat' dir='ltr'>Sess.</span> <span class='ocrx_word' id='word_1_55' title='bbox 444 663 472 715; x_wconf 91' lang='lat'>5.</span> <span class='ocrx_word' id='word_1_56' title='bbox 488 664 507 690; x_wconf 85' lang='lat'>·‘</span> <span class='ocrx_word' id='word_1_57' title='bbox 518 656 556 713; x_wconf 87' lang='lat' dir='ltr'>de</span> <span class='ocrx_word' id='word_1_58' title='bbox 569 667 691 733; x_wconf 88' lang='lat' dir='ltr'>peccato</span> <span class='ocrx_word' id='word_1_59' title='bbox 702 655 866 732; x_wconf 85' lang='lat' dir='ltr'>originali‚&#39;&#39;</span> <span class='ocrx_word' id='word_1_60' title='bbox 880 654 971 713; x_wconf 87' lang='lat' dir='ltr'>solam</span> 
     </span>
     <span class='ocr_line' id='line_1_8' title="bbox 10 724 773 813; baseline -0.004 -18"><span class='ocrx_word' id='word_1_61' title='bbox 10 724 127 793; x_wconf 60' lang='lat' dir='ltr'>bini</span> <span class='ocrx_word' id='word_1_62' title='bbox 139 736 272 795; x_wconf 87' lang='lat' dir='ltr'>mandati</span> <span class='ocrx_word' id='word_1_63' title='bbox 281 736 542 813; x_wconf 79' lang='lat' dir='ltr'>transgressionem</span> <span class='ocrx_word' id='word_1_64' title='bbox 556 745 773 794; x_wconf 85' lang='lat' dir='ltr'><strong>commemorat.</strong></span> 
     </span>
     <span class='ocr_line' id='line_1_9' title="bbox 10 813 972 894; baseline -0.004 -19"><span class='ocrx_word' id='word_1_65' title='bbox 10 816 15 857; x_wconf 76' lang='lat' dir='ltr'>t</span> <span class='ocrx_word' id='word_1_66' title='bbox 31 852 49 861; x_wconf 85' lang='lat'>··</span> <span class='ocrx_word' id='word_1_67' title='bbox 64 814 147 894; x_wconf 83' lang='lat' dir='ltr'>obj.</span> <span class='ocrx_word' id='word_1_68' title='bbox 161 817 255 876; x_wconf 85' lang='lat' dir='ltr'>Juxta</span> <span class='ocrx_word' id='word_1_69' title='bbox 268 816 297 875; x_wconf 89' lang='lat' dir='ltr'>S.</span> <span class='ocrx_word' id='word_1_70' title='bbox 313 815 421 876; x_wconf 87' lang='lat' dir='ltr'>Thom.</span> <span class='ocrx_word' id='word_1_71' title='bbox 442 826 544 894; x_wconf 82' lang='lat' dir='ltr'>quaest.</span> <span class='ocrx_word' id='word_1_72' title='bbox 569 823 616 875; x_wconf 90' lang='lat'>81.</span> <span class='ocrx_word' id='word_1_73' title='bbox 637 823 692 873; x_wconf 87' lang='lat' dir='ltr'>art·</span> <span class='ocrx_word' id='word_1_74' title='bbox 709 824 735 874; x_wconf 94' lang='lat'>1.</span> <span class='ocrx_word' id='word_1_75' title='bbox 751 825 780 873; x_wconf 89' lang='lat' dir='ltr'>st</span> <span class='ocrx_word' id='word_1_76' title='bbox 793 823 821 873; x_wconf 88' lang='grc'><strong>2.</strong></span> <span class='ocrx_word' id='word_1_77' title='bbox 841 813 972 892; x_wconf 87' lang='lat' dir='ltr'>primum</span> 
     </span>
     <span class='ocr_line' id='line_1_10' title="bbox 10 889 973 974; baseline 0.001 -21"><span class='ocrx_word' id='word_1_78' title='bbox 10 889 124 971; x_wconf 67' lang='lat' dir='ltr'>primi</span> <span class='ocrx_word' id='word_1_79' title='bbox 145 895 272 954; x_wconf 89' lang='lat' dir='ltr'>hominis</span> <span class='ocrx_word' id='word_1_80' title='bbox 293 906 449 974; x_wconf 87' lang='lat' dir='ltr'>peccatum</span> <span class='ocrx_word' id='word_1_81' title='bbox 473 896 563 953; x_wconf 90' lang='lat' dir='ltr'>debet</span> <span class='ocrx_word' id='word_1_82' title='bbox 585 895 753 953; x_wconf 77' lang='lat' dir='ltr'>transfundi</span> <span class='ocrx_word' id='word_1_83' title='bbox 774 895 807 952; x_wconf 92' lang='lat' dir='ltr'>in</span> <span class='ocrx_word' id='word_1_84' title='bbox 819 903 973 972; x_wconf 77' lang='lat' dir='ltr'>posteross</span> 
     </span>
     <span class='ocr_line' id='line_1_11' title="bbox 10 974 972 1111; baseline -0.001 -77"><span class='ocrx_word' id='word_1_85' title='bbox 10 976 119 1111; x_wconf 51' lang='lat' dir='ltr'>mni</span> <span class='ocrx_word' id='word_1_86' title='bbox 131 976 209 1035; x_wconf 91' lang='lat' dir='ltr'>illud</span> <span class='ocrx_word' id='word_1_87' title='bbox 225 976 313 1054; x_wconf 84' lang='lat' dir='ltr'>juxta</span> <span class='ocrx_word' id='word_1_88' title='bbox 326 975 463 1034; x_wconf 89' lang='lat' dir='ltr'>eumdem</span> <span class='ocrx_word' id='word_1_89' title='bbox 476 983 505 1034; x_wconf 88' lang='grc'><strong>2.</strong></span> <span class='ocrx_word' id='word_1_90' title='bbox 519 982 547 1035; x_wconf 88' lang='grc'><strong>2.</strong></span> <span class='ocrx_word' id='word_1_91' title='bbox 563 995 592 1054; x_wconf 91' lang='lat' dir='ltr'>q.</span> <span class='ocrx_word' id='word_1_92' title='bbox 610 975 677 1037; x_wconf 84' lang='grc'><strong>163.</strong></span> <span class='ocrx_word' id='word_1_93' title='bbox 691 985 745 1033; x_wconf 88' lang='lat' dir='ltr'>art.</span> <span class='ocrx_word' id='word_1_94' title='bbox 761 975 785 1032; x_wconf 93' lang='lat'>1.</span> <span class='ocrx_word' id='word_1_95' title='bbox 797 974 856 1033; x_wconf 85' lang='lat' dir='ltr'>fuit</span> <span class='ocrx_word' id='word_1_96' title='bbox 869 993 972 1053; x_wconf 89' lang='lat' dir='ltr'>super·</span> 
     </span>
     <span class='ocr_line' id='line_1_12' title="bbox 70 1067 975 1214; baseline 0 -22"><span class='ocrx_word' id='word_1_97' title='bbox 70 1067 305 1213; x_wconf 58' lang='lat' dir='ltr'>rifii‘lyil‘i&#39;..</span> <span class='ocrx_word' id='word_1_98' title='bbox 329 1145 359 1194; x_wconf 74' lang='lat' dir='ltr'>a</span> <span class='ocrx_word' id='word_1_99' title='bbox 373 1135 509 1205; x_wconf 69' lang='lat' dir='ltr'>arnum,</span> <span class='ocrx_word' id='word_1_100' title='bbox 535 1134 975 1214; x_wconf 78' lang='lat' dir='ltr'>quod‚1icetsuperbiafuerit</span> 
     </span>
     <span class='ocr_line' id='line_1_13' title="bbox 10 1210 974 1294; baseline -0.002 -20"><span class='ocrx_word' id='word_1_101' title='bbox 10 1210 166 1281; x_wconf 63' lang='lat' dir='ltr'>Flauum</span> <span class='ocrx_word' id='word_1_102' title='bbox 187 1227 351 1294; x_wconf 88' lang='lat' dir='ltr'>peccatum,</span> <span class='ocrx_word' id='word_1_103' title='bbox 366 1215 507 1293; x_wconf 90' lang='lat' dir='ltr'>equidem</span> <span class='ocrx_word' id='word_1_104' title='bbox 520 1215 570 1273; x_wconf 90' lang='lat' dir='ltr'>illa</span> <span class='ocrx_word' id='word_1_105' title='bbox 590 1215 678 1274; x_wconf 90' lang='lat' dir='ltr'>simul</span> <span class='ocrx_word' id='word_1_106' title='bbox 692 1215 854 1274; x_wconf 89' lang='lat' dir='ltr'>contineret</span> <span class='ocrx_word' id='word_1_107' title='bbox 866 1214 974 1274; x_wconf 89' lang='lat' dir='ltr'>volun·</span> 
     </span>
     <span class='ocr_line' id='line_1_14' title="bbox 10 1286 974 1371; baseline -0.003 -16"><span class='ocrx_word' id='word_1_108' title='bbox 10 1286 128 1355; x_wconf 50' lang='lat' dir='ltr'>“tem</span> <span class='ocrx_word' id='word_1_109' title='bbox 141 1295 249 1354; x_wconf 87' lang='lat' dir='ltr'>edendi</span> <span class='ocrx_word' id='word_1_110' title='bbox 264 1296 301 1354; x_wconf 92' lang='lat' dir='ltr'>de</span> <span class='ocrx_word' id='word_1_111' title='bbox 320 1296 422 1353; x_wconf 87' lang='lat' dir='ltr'>fructu</span> <span class='ocrx_word' id='word_1_112' title='bbox 435 1296 547 1366; x_wconf 82' lang='lat' dir='ltr'>vetit03</span> <span class='ocrx_word' id='word_1_113' title='bbox 572 1314 660 1371; x_wconf 93' lang='lat' dir='ltr'>quam</span> <span class='ocrx_word' id='word_1_114' title='bbox 683 1295 873 1365; x_wconf 87' lang='lat' dir='ltr'>voluntatem,</span> <span class='ocrx_word' id='word_1_115' title='bbox 901 1294 974 1352; x_wconf 90' lang='lat' dir='ltr'>dum</span> 
     </span>
     <span class='ocr_line' id='line_1_15' title="bbox 10 1364 974 1454; baseline -0.002 -20"><span class='ocrx_word' id='word_1_116' title='bbox 10 1364 135 1434; x_wconf 53' lang='lat' dir='ltr'>Adam</span> <span class='ocrx_word' id='word_1_117' title='bbox 149 1395 239 1454; x_wconf 84' lang='lat' dir='ltr'>opere</span> <span class='ocrx_word' id='word_1_118' title='bbox 252 1386 374 1435; x_wconf 81' lang='lat' dir='ltr'>externo</span> <span class='ocrx_word' id='word_1_119' title='bbox 387 1375 555 1453; x_wconf 89' lang='lat' dir='ltr'>complevit,</span> <span class='ocrx_word' id='word_1_120' title='bbox 567 1375 609 1432; x_wconf 92' lang='lat' dir='ltr'>nil</span> <span class='ocrx_word' id='word_1_121' title='bbox 622 1374 703 1435; x_wconf 89' lang='lat' dir='ltr'>aliud</span> <span class='ocrx_word' id='word_1_122' title='bbox 712 1374 793 1438; x_wconf 86' lang='lat' dir='ltr'>fecit.</span> <span class='ocrx_word' id='word_1_123' title='bbox 805 1378 893 1451; x_wconf 77' lang='lat' dir='ltr'>quiam</span> <span class='ocrx_word' id='word_1_124' title='bbox 903 1392 974 1451; x_wconf 85' lang='lat' dir='ltr'>pec·</span> 
     </span>
     <span class='ocr_line' id='line_1_16' title="bbox 10 1454 976 1534; baseline 0.003 -25"><span class='ocrx_word' id='word_1_125' title='bbox 10 1454 137 1514; x_wconf 54' lang='lat' dir='ltr'>“tum</span> <span class='ocrx_word' id='word_1_126' title='bbox 162 1468 262 1515; x_wconf 89' lang='lat' dir='ltr'>mente</span> <span class='ocrx_word' id='word_1_127' title='bbox 290 1465 467 1534; x_wconf 87' lang='lat' dir='ltr'>conceptum</span> <span class='ocrx_word' id='word_1_128' title='bbox 493 1474 582 1532; x_wconf 92' lang='lat' dir='ltr'>opere</span> <span class='ocrx_word' id='word_1_129' title='bbox 606 1465 728 1514; x_wconf 88' lang='lat' dir='ltr'>externo</span> <span class='ocrx_word' id='word_1_130' title='bbox 751 1472 976 1513; x_wconf 87' lang='lat' dir='ltr'>consummare:</span> 
     </span>
     <span class='ocr_line' id='line_1_17' title="bbox 10 1532 974 1621; baseline -0.005 -26"><span class='ocrx_word' id='word_1_131' title='bbox 10 1532 127 1621; x_wconf 50' lang='lat' dir='ltr'>“que</span> <span class='ocrx_word' id='word_1_132' title='bbox 139 1537 182 1595; x_wconf 87' lang='lat' dir='ltr'>sic</span> <span class='ocrx_word' id='word_1_133' title='bbox 194 1537 324 1614; x_wconf 90' lang='lat' dir='ltr'>primum</span> <span class='ocrx_word' id='word_1_134' title='bbox 337 1547 492 1614; x_wconf 89' lang='lat' dir='ltr'>peccatum</span> <span class='ocrx_word' id='word_1_135' title='bbox 516 1554 611 1611; x_wconf 91' lang='lat' dir='ltr'>usque</span> <span class='ocrx_word' id='word_1_136' title='bbox 634 1535 672 1593; x_wconf 87' lang='lat' dir='ltr'>ad</span> <span class='ocrx_word' id='word_1_137' title='bbox 694 1533 974 1592; x_wconf 83' lang='lat' dir='ltr'>consummationem</span> 
     </span>
     <span class='ocr_line' id='line_1_18' title="bbox 60 1611 976 1691; baseline -0.007 -15"><span class='ocrx_word' id='word_1_138' title='bbox 60 1680 65 1691; x_wconf 63' lang='grc'><strong>,</strong></span> <span class='ocrx_word' id='word_1_139' title='bbox 112 1626 214 1676; x_wconf 82' lang='lat' dir='ltr'>actum</span> <span class='ocrx_word' id='word_1_140' title='bbox 223 1615 476 1675; x_wconf 83' lang='lat' dir='ltr'>fuitmanducatio</span> <span class='ocrx_word' id='word_1_141' title='bbox 486 1615 601 1674; x_wconf 85' lang='lat' dir='ltr'>fructlls</span> <span class='ocrx_word' id='word_1_142' title='bbox 611 1615 695 1673; x_wconf 89' lang='lat' dir='ltr'>vetiti</span> <span class='ocrx_word' id='word_1_143' title='bbox 705 1614 858 1674; x_wconf 87' lang='lat' dir='ltr'>continens</span> <span class='ocrx_word' id='word_1_144' title='bbox 873 1611 976 1691; x_wconf 82' lang='lat' dir='ltr'>plures</span> 
     </span>
     <span class='ocr_line' id='line_1_19' title="bbox 48 1694 1054 1779; baseline -0.008 -23"><span class='ocrx_word' id='word_1_145' title='bbox 48 1762 61 1779; x_wconf 49' lang='lat'><strong>·</strong></span> <span class='ocrx_word' id='word_1_146' title='bbox 151 1697 247 1766; x_wconf 63' lang='lat' dir='ltr'>itata,</span> <span class='ocrx_word' id='word_1_147' title='bbox 261 1716 321 1754; x_wconf 94' lang='lat' dir='ltr'>non</span> <span class='ocrx_word' id='word_1_148' title='bbox 334 1699 449 1754; x_wconf 83' lang='lat' dir='ltr'>tantbm</span> <span class='ocrx_word' id='word_1_149' title='bbox 463 1695 680 1766; x_wconf 80' lang='lat' dir='ltr'>inobedientia,</span> <span class='ocrx_word' id='word_1_150' title='bbox 702 1694 855 1753; x_wconf 82' lang='lat' dir='ltr'>sedetiam</span> <span class='ocrx_word' id='word_1_151' title='bbox 870 1708 976 1769; x_wconf 60' lang='lat' dir='ltr'>super*</span> <span class='ocrx_word' id='word_1_152' title='bbox 1051 1696 1054 1701; x_wconf 86' lang='lat'>&#39;</span> 
     </span>
     <span class='ocr_line' id='line_1_20' title="bbox 10 1748 977 1854; baseline -0.004 -20"><span class='ocrx_word' id='word_1_153' title='bbox 10 1748 104 1846; x_wconf 62' lang='lat' dir='ltr'>blus,</span> <span class='ocrx_word' id='word_1_154' title='bbox 127 1777 216 1854; x_wconf 77' lang='lat' dir='ltr'>gulae,</span> <span class='ocrx_word' id='word_1_155' title='bbox 230 1786 285 1835; x_wconf 92' lang='lat' dir='ltr'>etc.</span> <span class='ocrx_word' id='word_1_156' title='bbox 299 1786 329 1834; x_wconf 87' lang='lat' dir='ltr'>et</span> <span class='ocrx_word' id='word_1_157' title='bbox 342 1777 383 1835; x_wconf 87' lang='lat' dir='ltr'>ita</span> <span class='ocrx_word' id='word_1_158' title='bbox 397 1779 428 1836; x_wconf 90' lang='lat' dir='ltr'>in</span> <span class='ocrx_word' id='word_1_159' title='bbox 446 1776 502 1835; x_wconf 93' lang='lat' dir='ltr'>hac</span> <span class='ocrx_word' id='word_1_160' title='bbox 525 1775 667 1834; x_wconf 87' lang='lat' dir='ltr'>sententia</span> <span class='ocrx_word' id='word_1_161' title='bbox 685 1786 818 1833; x_wconf 89' lang='lat' dir='ltr'>nostrum</span> <span class='ocrx_word' id='word_1_162' title='bbox 832 1771 977 1850; x_wconf 73' lang='lat' dir='ltr'>originale</span> 
     </span>
     <span class='ocr_line' id='line_1_21' title="bbox 16 1851 977 1936; baseline -0.003 -25"><span class='ocrx_word' id='word_1_163' title='bbox 16 1852 169 1916; x_wconf 57' lang='lat' dir='ltr'>”unsina</span> <span class='ocrx_word' id='word_1_164' title='bbox 178 1857 265 1917; x_wconf 73' lang='lat' dir='ltr'>etim</span> <span class='ocrx_word' id='word_1_165' title='bbox 276 1857 379 1936; x_wconf 90' lang='lat' dir='ltr'>plures</span> <span class='ocrx_word' id='word_1_166' title='bbox 389 1856 600 1927; x_wconf 87' lang='lat' dir='ltr'>deformitates,</span> <span class='ocrx_word' id='word_1_167' title='bbox 606 1856 650 1914; x_wconf 86' lang='lat' dir='ltr'>uti</span> <span class='ocrx_word' id='word_1_168' title='bbox 662 1856 798 1933; x_wconf 67' lang='lat' dir='ltr'>expresse</span> <span class='ocrx_word' id='word_1_169' title='bbox 809 1852 878 1912; x_wconf 87' lang='lat' dir='ltr'>satis</span> <span class='ocrx_word' id='word_1_170' title='bbox 885 1851 977 1910; x_wconf 88' lang='lat' dir='ltr'>tradit</span> 
     </span>
     <span class='ocr_line' id='line_1_22' title="bbox 16 1914 490 2016; baseline 0.004 -22"><span class='ocrx_word' id='word_1_171' title='bbox 16 1914 66 1985; x_wconf 71' lang='lat'>8·</span> <span class='ocrx_word' id='word_1_172' title='bbox 85 1936 191 1995; x_wconf 87' lang='lat' dir='ltr'>Thom.</span> <span class='ocrx_word' id='word_1_173' title='bbox 205 1958 233 2016; x_wconf 90' lang='lat' dir='ltr'>q.</span> <span class='ocrx_word' id='word_1_174' title='bbox 250 1945 297 1997; x_wconf 87' lang='grc'><strong>82.</strong></span> <span class='ocrx_word' id='word_1_175' title='bbox 308 1948 362 1995; x_wconf 79' lang='lat' dir='ltr'>art.</span> <span class='ocrx_word' id='word_1_176' title='bbox 374 1946 402 1995; x_wconf 93' lang='grc'><strong>2.</strong></span> <span class='ocrx_word' id='word_1_177' title='bbox 413 1937 452 1995; x_wconf 92' lang='lat' dir='ltr'>ad</span> <span class='ocrx_word' id='word_1_178' title='bbox 464 1946 490 1997; x_wconf 91' lang='lat'>1.</span> 
     </span>
    </p>

    <p class='ocr_par' dir='ltr' id='par_1_3' title="bbox 10 2014 979 2574">
     <span class='ocr_line' id='line_1_23' title="bbox 33 2014 975 2095; baseline -0.008 -20"><span class='ocrx_word' id='word_1_179' title='bbox 33 2046 36 2051; x_wconf 92' lang='lat'>·</span> <span class='ocrx_word' id='word_1_180' title='bbox 80 2016 140 2075; x_wconf 88' lang='lat'><strong>111.</strong></span> <span class='ocrx_word' id='word_1_181' title='bbox 155 2016 218 2077; x_wconf 82' lang='lat' dir='ltr'>Alii</span> <span class='ocrx_word' id='word_1_182' title='bbox 227 2027 343 2095; x_wconf 89' lang='lat' dir='ltr'>putant,</span> <span class='ocrx_word' id='word_1_183' title='bbox 359 2016 440 2095; x_wconf 81' lang='lat' dir='ltr'>quod</span> <span class='ocrx_word' id='word_1_184' title='bbox 451 2017 550 2094; x_wconf 84' lang='lat' dir='ltr'>Adam</span> <span class='ocrx_word' id='word_1_185' title='bbox 562 2015 658 2094; x_wconf 90' lang='lat' dir='ltr'>primo</span> <span class='ocrx_word' id='word_1_186' title='bbox 671 2014 728 2072; x_wconf 94' lang='lat' dir='ltr'>isto</span> <span class='ocrx_word' id='word_1_187' title='bbox 740 2021 862 2092; x_wconf 87' lang='lat' dir='ltr'>peccato</span> <span class='ocrx_word' id='word_1_188' title='bbox 872 2029 975 2088; x_wconf 91' lang='lat' dir='ltr'>super-</span> 
     </span>
     <span class='ocr_line' id='line_1_24' title="bbox 16 2072 979 2176; baseline -0.008 -21"><span class='ocrx_word' id='word_1_189' title='bbox 16 2072 94 2154; x_wconf 74' lang='lat' dir='ltr'>biae</span> <span class='ocrx_word' id='word_1_190' title='bbox 117 2096 250 2157; x_wconf 91' lang='lat' dir='ltr'>amiserit</span> <span class='ocrx_word' id='word_1_191' title='bbox 266 2097 412 2176; x_wconf 86' lang='lat' dir='ltr'>justitiam</span> <span class='ocrx_word' id='word_1_192' title='bbox 433 2096 605 2174; x_wconf 84' lang='lat' dir='ltr'>originalem</span> <span class='ocrx_word' id='word_1_193' title='bbox 627 2114 682 2172; x_wconf 88' lang='lat' dir='ltr'>pro</span> <span class='ocrx_word' id='word_1_194' title='bbox 706 2113 747 2163; x_wconf 89' lang='lat' dir='ltr'>se,</span> <span class='ocrx_word' id='word_1_195' title='bbox 770 2092 822 2151; x_wconf 91' lang='lat' dir='ltr'>sed</span> <span class='ocrx_word' id='word_1_196' title='bbox 846 2102 906 2148; x_wconf 88' lang='lat' dir='ltr'>non</span> <span class='ocrx_word' id='word_1_197' title='bbox 920 2109 979 2173; x_wconf 31' lang='lat' dir='ltr'>pro,</span> 
     </span>
     <span class='ocr_line' id='line_1_25' title="bbox 14 2170 976 2256; baseline -0.01 -19"><span class='ocrx_word' id='word_1_198' title='bbox 14 2170 183 2250; x_wconf 47' lang='lat' dir='ltr'>Posteri„</span> <span class='ocrx_word' id='word_1_199' title='bbox 205 2178 275 2256; x_wconf 91' lang='lat' dir='ltr'>quia</span> <span class='ocrx_word' id='word_1_200' title='bbox 285 2179 438 2255; x_wconf 88' lang='lat' dir='ltr'>promissio</span> <span class='ocrx_word' id='word_1_201' title='bbox 447 2197 503 2256; x_wconf 91' lang='lat' dir='ltr'>pro</span> <span class='ocrx_word' id='word_1_202' title='bbox 517 2177 580 2234; x_wconf 89' lang='lat' dir='ltr'>istis</span> <span class='ocrx_word' id='word_1_203' title='bbox 593 2176 611 2233; x_wconf 78' lang='lat' dir='ltr'>d</span> <span class='ocrx_word' id='word_1_204' title='bbox 625 2175 691 2233; x_wconf 89' lang='lat' dir='ltr'>Deo</span> <span class='ocrx_word' id='word_1_205' title='bbox 699 2174 786 2241; x_wconf 90' lang='lat' dir='ltr'>facta,</span> <span class='ocrx_word' id='word_1_206' title='bbox 800 2170 976 2249; x_wconf 83' lang='lat' dir='ltr'>respiciebat</span> 
     </span>
     <span class='ocr_line' id='line_1_26' title="bbox 16 2250 976 2334; baseline -0.016 -12"><span class='ocrx_word' id='word_1_207' title='bbox 16 2252 221 2334; x_wconf 61' lang='lat' dir='ltr'>Praeceptum</span> <span class='ocrx_word' id='word_1_208' title='bbox 243 2276 303 2315; x_wconf 91' lang='lat' dir='ltr'>non</span> <span class='ocrx_word' id='word_1_209' title='bbox 327 2258 435 2316; x_wconf 90' lang='lat' dir='ltr'>edendi</span> <span class='ocrx_word' id='word_1_210' title='bbox 460 2257 498 2316; x_wconf 90' lang='lat' dir='ltr'>de</span> <span class='ocrx_word' id='word_1_211' title='bbox 517 2256 618 2314; x_wconf 86' lang='lat' dir='ltr'>fructu</span> <span class='ocrx_word' id='word_1_212' title='bbox 633 2254 752 2313; x_wconf 74' lang='lat' dir='ltr'>uetito:</span> <span class='ocrx_word' id='word_1_213' title='bbox 775 2251 855 2310; x_wconf 90' lang='lat' dir='ltr'>unde</span> <span class='ocrx_word' id='word_1_214' title='bbox 873 2250 906 2307; x_wconf 91' lang='lat' dir='ltr'>in</span> <span class='ocrx_word' id='word_1_215' title='bbox 919 2250 976 2308; x_wconf 88' lang='lat' dir='ltr'>hac</span> 
     </span>
     <span class='ocr_line' id='line_1_27' title="bbox 10 2329 977 2416; baseline -0.009 -21"><span class='ocrx_word' id='word_1_216' title='bbox 10 2336 184 2396; x_wconf 57' lang='lat' dir='ltr'>*nutantia</span> <span class='ocrx_word' id='word_1_217' title='bbox 198 2338 259 2396; x_wconf 91' lang='lat' dir='ltr'>sola</span> <span class='ocrx_word' id='word_1_218' title='bbox 273 2337 471 2396; x_wconf 88' lang='lat' dir='ltr'>inobedientia</span> <span class='ocrx_word' id='word_1_219' title='bbox 484 2336 614 2416; x_wconf 85' lang='lat' dir='ltr'>pertinet</span> <span class='ocrx_word' id='word_1_220' title='bbox 634 2335 671 2392; x_wconf 90' lang='lat' dir='ltr'>ad</span> <span class='ocrx_word' id='word_1_221' title='bbox 685 2344 817 2392; x_wconf 87' lang='lat' dir='ltr'>nostram</span> <span class='ocrx_word' id='word_1_222' title='bbox 832 2329 977 2407; x_wconf 85' lang='lat' dir='ltr'>originale</span> 
     </span>
     <span class='ocr_line' id='line_1_28' title="bbox 17 2414 975 2490; baseline -0.02 -6"><span class='ocrx_word' id='word_1_223' title='bbox 17 2414 213 2490; x_wconf 61' lang='lat' dir='ltr'>Peccatum</span> <span class='ocrx_word' id='word_1_224' title='bbox 228 2431 340 2478; x_wconf 84' lang='lat' dir='ltr'>caterae</span> <span class='ocrx_word' id='word_1_225' title='bbox 355 2421 423 2476; x_wconf 80' lang='lat' dir='ltr'>verb</span> <span class='ocrx_word' id='word_1_226' title='bbox 435 2417 635 2475; x_wconf 85' lang='lat' dir='ltr'>deformitates</span> <span class='ocrx_word' id='word_1_227' title='bbox 645 2415 767 2473; x_wconf 85' lang='lat' dir='ltr'>fuerunt</span> <span class='ocrx_word' id='word_1_228' title='bbox 780 2414 860 2469; x_wconf 74' lang='lat' dir='ltr'>mere</span> <span class='ocrx_word' id='word_1_229' title='bbox 875 2428 975 2486; x_wconf 87' lang='lat' dir='ltr'>perso·</span> 
     </span>
     <span class='ocr_line' id='line_1_29' title="bbox 16 2494 389 2574; baseline 0.005 -20"><span class='ocrx_word' id='word_1_230' title='bbox 16 2494 118 2555; x_wconf 64' lang='lat' dir='ltr'>¹tales</span> <span class='ocrx_word' id='word_1_231' title='bbox 130 2509 268 2574; x_wconf 88' lang='lat' dir='ltr'>respectu</span> <span class='ocrx_word' id='word_1_232' title='bbox 283 2497 389 2556; x_wconf 91' lang='lat' dir='ltr'>Adam.</span> 
     </span>
    </p>

    <p class='ocr_par' dir='ltr' id='par_1_4' title="bbox 20 2567 977 2896">
     <span class='ocr_line' id='line_1_30' title="bbox 76 2567 977 2656; baseline -0.01 -22"><span class='ocrx_word' id='word_1_233' title='bbox 76 2577 208 2656; x_wconf 87' lang='lat' dir='ltr'>Insuper</span> <span class='ocrx_word' id='word_1_234' title='bbox 214 2579 301 2656; x_wconf 86' lang='lat' dir='ltr'>juxta</span> <span class='ocrx_word' id='word_1_235' title='bbox 310 2577 386 2636; x_wconf 89' lang='lat' dir='ltr'>hanc</span> <span class='ocrx_word' id='word_1_236' title='bbox 406 2575 589 2646; x_wconf 88' lang='lat' dir='ltr'>sententiam,</span> <span class='ocrx_word' id='word_1_237' title='bbox 601 2575 626 2634; x_wconf 89' lang='lat' dir='ltr'>si</span> <span class='ocrx_word' id='word_1_238' title='bbox 638 2573 732 2634; x_wconf 85' lang='lat' dir='ltr'>Adam</span> <span class='ocrx_word' id='word_1_239' title='bbox 748 2577 897 2649; x_wconf 86' lang='lat' dir='ltr'>peccasset</span> <span class='ocrx_word' id='word_1_240' title='bbox 909 2567 977 2645; x_wconf 87' lang='lat' dir='ltr'>qui-</span> 
     </span>
     <span class='ocr_line' id='line_1_31' title="bbox 20 2646 975 2752; baseline -0.012 -36"><span class='ocrx_word' id='word_1_241' title='bbox 20 2646 104 2715; x_wconf 61' lang='lat' dir='ltr'>dem</span> <span class='ocrx_word' id='word_1_242' title='bbox 115 2669 239 2752; x_wconf 87' lang='lat' dir='ltr'>peccato</span> <span class='ocrx_word' id='word_1_243' title='bbox 253 2659 398 2735; x_wconf 79' lang='lat' dir='ltr'>superbia</span> <span class='ocrx_word' id='word_1_244' title='bbox 412 2658 506 2716; x_wconf 91' lang='lat' dir='ltr'>aliove</span> <span class='ocrx_word' id='word_1_245' title='bbox 524 2655 666 2733; x_wconf 90' lang='lat' dir='ltr'>quolibet,</span> <span class='ocrx_word' id='word_1_246' title='bbox 687 2653 739 2712; x_wconf 89' lang='lat' dir='ltr'>sed</span> <span class='ocrx_word' id='word_1_247' title='bbox 753 2672 813 2709; x_wconf 90' lang='lat' dir='ltr'>non</span> <span class='ocrx_word' id='word_1_248' title='bbox 823 2668 876 2728; x_wconf 92' lang='lat' dir='ltr'>per</span> <span class='ocrx_word' id='word_1_249' title='bbox 890 2668 975 2706; x_wconf 87' lang='lat' dir='ltr'>esum</span> 
     </span>
     <span class='ocr_line' id='line_1_32' title="bbox 21 2728 977 2816; baseline -0.013 -20"><span class='ocrx_word' id='word_1_250' title='bbox 21 2728 153 2796; x_wconf 69' lang='lat' dir='ltr'>fructus</span> <span class='ocrx_word' id='word_1_251' title='bbox 160 2738 254 2807; x_wconf 84' lang='lat' dir='ltr'>vetiti,</span> <span class='ocrx_word' id='word_1_252' title='bbox 263 2739 372 2816; x_wconf 86' lang='lat' dir='ltr'>posteri</span> <span class='ocrx_word' id='word_1_253' title='bbox 381 2757 441 2796; x_wconf 93' lang='lat' dir='ltr'>non</span> <span class='ocrx_word' id='word_1_254' title='bbox 447 2736 817 2810; x_wconf 84' lang='lat' dir='ltr'>contraxissentpeccatum</span> <span class='ocrx_word' id='word_1_255' title='bbox 824 2728 977 2804; x_wconf 84' lang='lat' dir='ltr'>originale,</span> 
     </span>
     <span class='ocr_line' id='line_1_33' title="bbox 25 2808 962 2896; baseline -0.012 -20"><span class='ocrx_word' id='word_1_256' title='bbox 25 2815 90 2875; x_wconf 64' lang='lat' dir='ltr'>ted</span> <span class='ocrx_word' id='word_1_257' title='bbox 98 2814 166 2894; x_wconf 89' lang='lat' dir='ltr'>ipse</span> <span class='ocrx_word' id='word_1_258' title='bbox 179 2818 235 2877; x_wconf 95' lang='lat' dir='ltr'>sibi</span> <span class='ocrx_word' id='word_1_259' title='bbox 250 2817 303 2877; x_wconf 91' lang='lat' dir='ltr'>soli</span> <span class='ocrx_word' id='word_1_260' title='bbox 314 2819 424 2876; x_wconf 81' lang='lat' dir='ltr'>tantum</span> <span class='ocrx_word' id='word_1_261' title='bbox 436 2817 579 2896; x_wconf 89' lang='lat' dir='ltr'>justitiam</span> <span class='ocrx_word' id='word_1_262' title='bbox 592 2814 763 2891; x_wconf 89' lang='lat' dir='ltr'>originalem</span> <span class='ocrx_word' id='word_1_263' title='bbox 775 2808 962 2888; x_wconf 83' lang='lat' dir='ltr'>perdidisset.</span> 
     </span>
    </p>

    <p class='ocr_par' dir='ltr' id='par_1_5' title="bbox 12 2887 977 3295">
     <span class='ocr_line' id='line_1_34' title="bbox 75 2887 977 2976; baseline -0.008 -21"><span class='ocrx_word' id='word_1_264' title='bbox 75 2895 191 2955; x_wconf 83' lang='lat' dir='ltr'>Verrim</span> <span class='ocrx_word' id='word_1_265' title='bbox 206 2898 336 2976; x_wconf 87' lang='lat' dir='ltr'>Sylvius,</span> <span class='ocrx_word' id='word_1_266' title='bbox 352 2897 488 2969; x_wconf 89' lang='lat' dir='ltr'>Billuart,</span> <span class='ocrx_word' id='word_1_267' title='bbox 504 2898 621 2955; x_wconf 84' lang='lat' dir='ltr'>Nessen</span> <span class='ocrx_word' id='word_1_268' title='bbox 634 2893 733 2973; x_wconf 91' lang='lat' dir='ltr'>alique</span> <span class='ocrx_word' id='word_1_269' title='bbox 743 2911 810 2948; x_wconf 87' lang='lat' dir='ltr'>cum</span> <span class='ocrx_word' id='word_1_270' title='bbox 827 2891 856 2950; x_wconf 89' lang='lat' dir='ltr'>S.</span> <span class='ocrx_word' id='word_1_271' title='bbox 868 2887 977 2948; x_wconf 87' lang='lat' dir='ltr'><strong>Thom.</strong></span> 
     </span>
     <span class='ocr_line' id='line_1_35' title="bbox 27 2964 976 3056; baseline -0.008 -22"><span class='ocrx_word' id='word_1_272' title='bbox 27 2964 95 3035; x_wconf 74' lang='lat' dir='ltr'>lroc</span> <span class='ocrx_word' id='word_1_273' title='bbox 104 2988 225 3055; x_wconf 84' lang='lat' dir='ltr'>negant,</span> <span class='ocrx_word' id='word_1_274' title='bbox 240 2978 378 3037; x_wconf 84' lang='lat' dir='ltr'>docontes</span> <span class='ocrx_word' id='word_1_275' title='bbox 392 2976 490 3036; x_wconf 85' lang='lat' dir='ltr'>Adam</span> <span class='ocrx_word' id='word_1_276' title='bbox 501 2976 542 3036; x_wconf 90' lang='lat' dir='ltr'>ita</span> <span class='ocrx_word' id='word_1_277' title='bbox 552 2974 698 3056; x_wconf 87' lang='lat' dir='ltr'>justitiam</span> <span class='ocrx_word' id='word_1_278' title='bbox 713 2970 882 3048; x_wconf 88' lang='lat' dir='ltr'>originalem</span> <span class='ocrx_word' id='word_1_279' title='bbox 893 2986 976 3027; x_wconf 86' lang='lat' dir='ltr'>acce-</span> 
     </span>
     <span class='ocr_line' id='line_1_36' title="bbox 12 3048 976 3135; baseline -0.012 -19"><span class='ocrx_word' id='word_1_280' title='bbox 12 3055 126 3133; x_wconf 54' lang='lat' dir='ltr'>pisse,</span> <span class='ocrx_word' id='word_1_281' title='bbox 142 3066 177 3114; x_wconf 89' lang='lat' dir='ltr'>ut</span> <span class='ocrx_word' id='word_1_282' title='bbox 190 3060 215 3117; x_wconf 93' lang='lat' dir='ltr'>si</span> <span class='ocrx_word' id='word_1_283' title='bbox 229 3059 322 3135; x_wconf 89' lang='lat' dir='ltr'>ipsam</span> <span class='ocrx_word' id='word_1_284' title='bbox 336 3068 474 3131; x_wconf 83' lang='lat' dir='ltr'>servaret,</span> <span class='ocrx_word' id='word_1_285' title='bbox 489 3058 577 3116; x_wconf 86' lang='lat' dir='ltr'>etiam</span> <span class='ocrx_word' id='word_1_286' title='bbox 590 3057 621 3115; x_wconf 90' lang='lat' dir='ltr'>in</span> <span class='ocrx_word' id='word_1_287' title='bbox 641 3063 775 3133; x_wconf 85' lang='lat' dir='ltr'>posteros</span> <span class='ocrx_word' id='word_1_288' title='bbox 797 3048 976 3108; x_wconf 77' lang='lat' dir='ltr'>transmitte·</span> 
     </span>
     <span class='ocr_line' id='line_1_37' title="bbox 30 3129 976 3218; baseline -0.012 -23"><span class='ocrx_word' id='word_1_289' title='bbox 30 3146 104 3207; x_wconf 64' lang='lat' dir='ltr'>xet3</span> <span class='ocrx_word' id='word_1_290' title='bbox 126 3138 183 3195; x_wconf 89' lang='lat' dir='ltr'>etsi</span> <span class='ocrx_word' id='word_1_291' title='bbox 193 3137 299 3218; x_wconf 88' lang='lat' dir='ltr'>quovis</span> <span class='ocrx_word' id='word_1_292' title='bbox 310 3136 400 3196; x_wconf 89' lang='lat' dir='ltr'>modo</span> <span class='ocrx_word' id='word_1_293' title='bbox 412 3136 494 3194; x_wconf 92' lang='lat' dir='ltr'>illam</span> <span class='ocrx_word' id='word_1_294' title='bbox 502 3137 660 3206; x_wconf 83' lang='lat' dir='ltr'>amitteret,</span> <span class='ocrx_word' id='word_1_295' title='bbox 671 3133 758 3192; x_wconf 89' lang='lat' dir='ltr'>etiam</span> <span class='ocrx_word' id='word_1_296' title='bbox 772 3129 898 3209; x_wconf 89' lang='lat' dir='ltr'>posteris</span> <span class='ocrx_word' id='word_1_297' title='bbox 911 3145 976 3186; x_wconf 92' lang='lat' dir='ltr'>eam</span> 
     </span>
     <span class='ocr_line' id='line_1_38' title="bbox 34 3216 672 3295; baseline 0.005 -21"><span class='ocrx_word' id='word_1_298' title='bbox 34 3216 185 3295; x_wconf 76' lang='lat' dir='ltr'>perderet,</span> <span class='ocrx_word' id='word_1_299' title='bbox 229 3218 353 3277; x_wconf 90' lang='lat' dir='ltr'>Interim</span> <span class='ocrx_word' id='word_1_300' title='bbox 366 3217 431 3276; x_wconf 87' lang='lat' dir='ltr'>haec</span> <span class='ocrx_word' id='word_1_301' title='bbox 443 3216 564 3277; x_wconf 88' lang='lat' dir='ltr'>incerta.</span> <span class='ocrx_word' id='word_1_302' title='bbox 670 3231 672 3235; x_wconf 84' lang='lat'>&#39;</span> 
     </span>
    </p>
   </div>
   <div class='ocr_carea' id='block_1_3' title="bbox 42 3364 977 3516">
    <p class='ocr_par' dir='ltr' id='par_1_6' title="bbox 42 3364 977 3516">
     <span class='ocr_line' id='line_1_39' title="bbox 42 3364 977 3516; baseline -0.012 -82"><span class='ocrx_word' id='word_1_303' title='bbox 42 3376 81 3434; x_wconf 73' lang='lat' dir='ltr'>N.</span> <span class='ocrx_word' id='word_1_304' title='bbox 98 3382 166 3437; x_wconf 77' lang='lat'><strong>1³4.</strong></span> <span class='ocrx_word' id='word_1_305' title='bbox 207 3376 265 3437; x_wconf 88' lang='lat' dir='ltr'>DE</span> <span class='ocrx_word' id='word_1_306' title='bbox 281 3376 565 3516; x_wconf 50' lang='grc' dir='ltr'>ΟΗΑΝΤΙΤῧΙΊέΕ</span> <span class='ocrx_word' id='word_1_307' title='bbox 582 3372 761 3436; x_wconf 88' lang='lat' dir='ltr'><strong>PECCATI</strong></span> <span class='ocrx_word' id='word_1_308' title='bbox 777 3364 977 3429; x_wconf 84' lang='lat' dir='ltr'>ORIGINA-</span> 
     </span>
    </p>
   </div>
   <div class='ocr_carea' id='block_1_4' title="bbox 43 3600 979 3695">
    <p class='ocr_par' dir='ltr' id='par_1_7' title="bbox 43 3600 979 3695">
     <span class='ocr_line' id='line_1_40' title="bbox 43 3600 979 3695; baseline -0.016 -20"><span class='ocrx_word' id='word_1_309' title='bbox 43 3616 69 3676; x_wconf 91' lang='lat'>1.</span> <span class='ocrx_word' id='word_1_310' title='bbox 79 3615 233 3676; x_wconf 76' lang='lat' dir='ltr'>Peccatum</span> <span class='ocrx_word' id='word_1_311' title='bbox 246 3616 383 3695; x_wconf 77' lang='lat' dir='ltr'>originale</span> <span class='ocrx_word' id='word_1_312' title='bbox 400 3625 442 3675; x_wconf 80' lang='lat' dir='ltr'>ert</span> <span class='ocrx_word' id='word_1_313' title='bbox 457 3613 580 3673; x_wconf 81' lang='lat' dir='ltr'>mortale.</span> <span class='ocrx_word' id='word_1_314' title='bbox 622 3612 666 3674; x_wconf 87' lang='lat'>11.</span> <span class='ocrx_word' id='word_1_315' title='bbox 688 3606 858 3688; x_wconf 69' lang='lat' dir='ltr'>Explicatur</span> <span class='ocrx_word' id='word_1_316' title='bbox 872 3602 904 3662; x_wconf 80' lang='lat' dir='ltr'>S.</span> <span class='ocrx_word' id='word_1_317' title='bbox 924 3600 979 3661; x_wconf 76' lang='lat' dir='ltr'>Ta.</span> 
     </span>
    </p>
   </div>
   <div class='ocr_carea' id='block_1_5' title="bbox 65 3774 1037 3941">
    <p class='ocr_par' dir='ltr' id='par_1_8' title="bbox 65 3774 1037 3941">
     <span class='ocr_line' id='line_1_41' title="bbox 76 3774 711 3856; baseline -0.016 -11"><span class='ocrx_word' id='word_1_318' title='bbox 76 3775 204 3845; x_wconf 76' lang='lat' dir='ltr'><strong><em>QUAN</em></strong></span> <span class='ocrx_word' id='word_1_319' title='bbox 206 3774 232 3830; x_wconf 88' lang='lat' dir='ltr'><em>T</em></span> <span class='ocrx_word' id='word_1_320' title='bbox 234 3774 299 3832; x_wconf 77' lang='grc' dir='ltr'>ΠΜ</span> <span class='ocrx_word' id='word_1_321' title='bbox 307 3786 467 3855; x_wconf 85' lang='lat' dir='ltr'>peccatum</span> <span class='ocrx_word' id='word_1_322' title='bbox 479 3786 526 3837; x_wconf 88' lang='lat' dir='ltr'>est</span> <span class='ocrx_word' id='word_1_323' title='bbox 538 3774 711 3856; x_wconf 65' lang='lat' dir='ltr'>originale?</span> 
     </span>
     <span class='ocr_line' id='line_1_42' title="bbox 65 3841 1037 3941; baseline -0.017 -24"><span class='ocrx_word' id='word_1_324' title='bbox 65 3850 90 3909; x_wconf 79' lang='lat' dir='ltr'>I·</span> <span class='ocrx_word' id='word_1_325' title='bbox 108 3851 142 3908; x_wconf 70' lang='lat' dir='ltr'><em>R</em></span> <span class='ocrx_word' id='word_1_326' title='bbox 158 3852 218 3915; x_wconf 79' lang='lat' dir='ltr'>Est</span> <span class='ocrx_word' id='word_1_327' title='bbox 228 3856 367 3931; x_wconf 74' lang='lat' dir='ltr'>mortale,</span> <span class='ocrx_word' id='word_1_328' title='bbox 388 3869 488 3941; x_wconf 87' lang='lat' dir='ltr'>prout</span> <span class='ocrx_word' id='word_1_329' title='bbox 511 3859 654 3922; x_wconf 83' lang='lat' dir='ltr'>declarat</span> <span class='ocrx_word' id='word_1_330' title='bbox 668 3847 879 3930; x_wconf 57' lang='lat' dir='ltr'>(inualida.</span> <span class='ocrx_word' id='word_1_331' title='bbox 890 3841 1037 3906; x_wconf 44' lang='lat' dir='ltr'>sess-sa</span> 
     </span>
    </p>
   </div>
   <div class='ocr_carea' id='block_1_6' title="bbox 0 0 1089 4072">
    <p class='ocr_par' dir='ltr' id='par_1_9' title="bbox 0 0 1089 4072">
     <span class='ocr_line' id='line_1_43' title="bbox 0 0 1089 4072; baseline 0 0"><span class='ocrx_word' id='word_1_332' title='bbox 0 0 1089 4072; x_wconf 95' lang='lat' dir='ltr'> </span> 
     </span>
    </p>
   </div>
  </div>
 </body>
</html>
