2160 4072
253 61 302 132 tia,
323 80 391 141 neg.
434 63 512 123 Vide
527 39 687 123 Estiumin
700 39 918 122 commentario.

294 143 356 212 An,
381 143 407 201 ai
430 143 498 223 quia
520 154 629 223 praeter
649 143 829 202 ordinariam
847 137 1050 220 generationis

255 221 386 282 humana
398 243 487 283 carne
500 225 673 284 miraculose
694 226 878 294 formaretur,
899 222 945 280 uti
969 219 1009 277 de
1026 216 1080 275 inf

256 303 369 362 femore
389 306 446 364 viri
466 305 564 364 exciso
586 306 678 364 refert
700 303 881 364 Bertrandus
901 299 994 370 Loth,
1015 316 1080 358 con

256 397 414 462 peccatum
433 385 601 463 originale?

298 464 336 521 V.
352 467 386 524 R.
402 467 433 525 S.
445 466 554 527 Thom.
568 477 671 544 quast.
686 472 735 526 81.
749 475 804 524 art.
819 473 846 524 4.
868 461 1027 541 negative:
1052 479 1073 536 q

258 561 319 602 non
333 545 526 605 descenderet
546 567 582 605 ex
604 545 719 606 Adamo
742 541 904 605 secundiam
928 540 1080 601 seminale

258 715 327 781 poet
335 705 399 784 ejus
412 706 539 784 lapsum,
553 727 614 765 non
624 708 817 767 contraxisset
834 704 915 774 inde,
936 711 972 761 nt
985 721 1079 779 appar

258 794 358 844 catum
372 787 522 864 originale.
546 789 640 846 Favet
650 791 740 849 Cone.
751 785 835 846 Trid
851 804 920 844 sess.
932 783 961 844 6.
973 793 1030 840 art.
1044 791 1072 841 3.

259 870 279 898 “
295 865 408 925 Revera
421 866 565 938 homines,
590 867 648 925 nisi
663 889 699 928 ex
714 866 826 928 semiue
839 864 915 924 Adae
928 882 1065 942 propaga

260 949 280 978 “
293 956 408 1018 rentur,
421 967 482 1006 non
495 959 685 1007 nascerentur
696 946 827 1027 injusti.”

294 1029 351 1122 ‘Am
372 1028 433 1088 dici
455 1037 563 1106 potest,
585 1028 666 1106 qudd
687 1030 788 1089 Adam
809 1023 901 1085 fuerit
914 1022 1064 1085 obnoxius

258 1108 459 1279 onigiliiaiddid
471 1191 591 1268 proprie
613 1199 644 1248 et
663 1188 826 1248 formaliter
849 1186 908 1246 dici
921 1203 984 1244 uon
1004 1193 1069 1263 pot

261 1283 340 1325 earm
354 1269 419 1346 ipsa
429 1271 551 1328 actualis
559 1270 753 1347 transgressio
761 1278 859 1347 potest
873 1266 933 1325 dici
946 1275 1072 1343 peccatu

260 1345 338 1418 nale,
363 1350 431 1442 ‘com
446 1349 497 1408 illa
511 1350 549 1410 sit
562 1360 717 1433 peccatum
730 1348 845 1408 actuale
858 1357 888 1406 et
900 1344 1058 1440 personale

263 1766 352 1806 sensu
366 1751 483 1810 admitti
496 1762 595 1830 potest
607 1751 640 1809 in
649 1751 767 1811 Adamo
780 1749 871 1808 fuisse
879 1757 1037 1826 peccatum
1058 1772 1065 1797 ι
1079 1779 1080 1795 r

264 1830 408 1903 quatenns
418 1849 527 1910 nempe
538 1833 570 1890 in
578 1832 645 1909 ipso
655 1831 715 1890 fuit
726 1829 852 1900 macula,
880 1849 931 1887 eeu
945 1826 1077 1905 privatio

264 1907 426 1985 ⁰fissi¹¹³¹i⁸‚
438 1928 566 2000 qqacum
580 1911 692 2000 scilicet
712 1912 931 2001 iDeonereatus
945 1917 1010 1999 erat
1017 1930 1028 2000 Ξ
1055 1906 1066 1961 i
