<?xml version="1.0" encoding="UTF-8"?>
<!DOCTYPE html PUBLIC "-//W3C//DTD XHTML 1.0 Transitional//EN"
    "http://www.w3.org/TR/xhtml1/DTD/xhtml1-transitional.dtd">
<html xmlns="http://www.w3.org/1999/xhtml" xml:lang="en" lang="en">
 <head>
  <title>
</title>
<meta http-equiv="Content-Type" content="text/html;charset=utf-8" />
  <meta name='ocr-system' content='tesseract 3.04.00' />
  <meta name='ocr-capabilities' content='ocr_page ocr_carea ocr_par ocr_line ocrx_word'/>
</head>
<body>
  <div class='ocr_page' id='page_1' title='image "./theologiamorali00densgoog_0076.png"; bbox 0 0 2160 4072; ppageno 0'>
   <div class='ocr_carea' id='block_1_1' title="bbox 363 69 900 167">
    <p class='ocr_par' dir='ltr' id='par_1_1' title="bbox 363 69 900 167">
     <span class='ocr_line' id='line_1_1' title="bbox 363 69 900 167; baseline 0.011 -17"><span class='ocrx_word' id='word_1_1' title='bbox 363 105 409 167; x_wconf 82' lang='lat' dir='ltr'><strong>pa</strong></span> <span class='ocrx_word' id='word_1_2' title='bbox 432 106 510 151; x_wconf 83' lang='lat' dir='ltr'><strong>mro.</strong></span> <span class='ocrx_word' id='word_1_3' title='bbox 622 69 625 75; x_wconf 53' lang='grc'><strong>’</strong></span> <span class='ocrx_word' id='word_1_4' title='bbox 855 86 900 156; x_wconf 61' lang='grc' dir='ltr'>ὦ</span> 
     </span>
    </p>
   </div>
   <div class='ocr_carea' id='block_1_2' title="bbox 45 248 901 317">
    <p class='ocr_par' dir='ltr' id='par_1_2' title="bbox 45 248 901 317">
     <span class='ocr_line' id='line_1_2' title="bbox 45 248 901 317; baseline 0.008 -9"><span class='ocrx_word' id='word_1_5' title='bbox 45 255 66 308; x_wconf 77' lang='lat' dir='ltr'><strong>t.</strong></span> <span class='ocrx_word' id='word_1_6' title='bbox 106 248 167 308; x_wconf 85' lang='lat' dir='ltr'><strong>DE</strong></span> <span class='ocrx_word' id='word_1_7' title='bbox 190 249 680 313; x_wconf 80' lang='lat' dir='ltr'><strong>PRAEDETERMINATIONE</strong></span> <span class='ocrx_word' id='word_1_8' title='bbox 703 252 901 317; x_wconf 81' lang='lat' dir='ltr'><strong>PHYSICA.</strong></span> 
     </span>
    </p>
   </div>
   <div class='ocr_carea' id='block_1_3' title="bbox 45 484 904 881">
    <p class='ocr_par' dir='ltr' id='par_1_3' title="bbox 45 484 904 881">
     <span class='ocr_line' id='line_1_3' title="bbox 45 484 898 567; baseline 0.013 -25"><span class='ocrx_word' id='word_1_9' title='bbox 45 486 341 564; x_wconf 78' lang='lat' dir='ltr'><strong>iidproedetermiuutt‘o</strong></span> <span class='ocrx_word' id='word_1_10' title='bbox 350 484 479 567; x_wconf 65' lang='lat' dir='ltr'><strong>physica.</strong></span> <span class='ocrx_word' id='word_1_11' title='bbox 521 493 563 551; x_wconf 92' lang='lat' dir='ltr'><strong>II.</strong></span> <span class='ocrx_word' id='word_1_12' title='bbox 590 491 637 550; x_wconf 84' lang='lat' dir='ltr'><strong>Au</strong></span> <span class='ocrx_word' id='word_1_13' title='bbox 649 492 686 549; x_wconf 82' lang='lat' dir='ltr'><strong>rit</strong></span> <span class='ocrx_word' id='word_1_14' title='bbox 697 493 898 553; x_wconf 73' lang='lat' dir='ltr'><strong>admittendo?</strong></span> 
     </span>
     <span class='ocr_line' id='line_1_4' title="bbox 45 564 903 654; baseline 0.015 -34"><span class='ocrx_word' id='word_1_15' title='bbox 45 564 64 622; x_wconf 93' lang='lat' dir='ltr'><strong>I.</strong></span> <span class='ocrx_word' id='word_1_16' title='bbox 91 567 243 644; x_wconf 70' lang='lat' dir='ltr'><strong>Affirmant</strong></span> <span class='ocrx_word' id='word_1_17' title='bbox 258 568 416 644; x_wconf 65' lang='lat' dir='ltr'><strong>getsemani</strong></span> <span class='ocrx_word' id='word_1_18' title='bbox 440 570 597 631; x_wconf 75' lang='lat' dir='ltr'><strong>Thomiatoe.</strong></span> <span class='ocrx_word' id='word_1_19' title='bbox 638 572 693 632; x_wconf 84' lang='lat' dir='ltr'><strong>IV.</strong></span> <span class='ocrx_word' id='word_1_20' title='bbox 716 571 836 652; x_wconf 75' lang='lat' dir='ltr'><strong>Negant</strong></span> <span class='ocrx_word' id='word_1_21' title='bbox 851 593 903 654; x_wconf 80' lang='lat' dir='ltr'><strong>ge·</strong></span> 
     </span>
     <span class='ocr_line' id='line_1_5' title="bbox 45 645 904 732; baseline 0.012 -31"><span class='ocrx_word' id='word_1_22' title='bbox 45 645 120 702; x_wconf 72' lang='lat' dir='ltr'><strong>ratim</strong></span> <span class='ocrx_word' id='word_1_23' title='bbox 143 645 305 705; x_wconf 79' lang='lat' dir='ltr'><strong>Molinistae.</strong></span> <span class='ocrx_word' id='word_1_24' title='bbox 351 647 384 704; x_wconf 92' lang='lat' dir='ltr'><strong>V.</strong></span> <span class='ocrx_word' id='word_1_25' title='bbox 400 648 460 707; x_wconf 79' lang='lat' dir='ltr'><strong>Alii</strong></span> <span class='ocrx_word' id='word_1_26' title='bbox 471 649 622 708; x_wconf 79' lang='lat' dir='ltr'><strong>admittunt</strong></span> <span class='ocrx_word' id='word_1_27' title='bbox 642 653 682 711; x_wconf 82' lang='lat' dir='ltr'><strong>od</strong></span> <span class='ocrx_word' id='word_1_28' title='bbox 705 658 785 710; x_wconf 78' lang='lat' dir='ltr'><strong>actua</strong></span> <span class='ocrx_word' id='word_1_29' title='bbox 804 671 904 732; x_wconf 75' lang='lat' dir='ltr'><strong>supat-</strong></span> 
     </span>
     <span class='ocr_line' id='line_1_6' title="bbox 45 723 899 805; baseline 0.012 -24"><span class='ocrx_word' id='word_1_30' title='bbox 45 723 150 782; x_wconf 71' lang='lat' dir='ltr'><strong>rurales</strong></span> <span class='ocrx_word' id='word_1_31' title='bbox 163 723 194 781; x_wconf 87' lang='lat' dir='ltr'><strong>in</strong></span> <span class='ocrx_word' id='word_1_32' title='bbox 215 733 289 784; x_wconf 83' lang='lat' dir='ltr'><strong>statu</strong></span> <span class='ocrx_word' id='word_1_33' title='bbox 304 735 416 786; x_wconf 74' lang='lat' dir='ltr'><strong>natura</strong></span> <span class='ocrx_word' id='word_1_34' title='bbox 440 726 535 805; x_wconf 78' lang='lat' dir='ltr'><strong>loproe.</strong></span> <span class='ocrx_word' id='word_1_35' title='bbox 580 731 633 789; x_wconf 79' lang='lat' dir='ltr'><strong>VI.</strong></span> <span class='ocrx_word' id='word_1_36' title='bbox 661 729 806 790; x_wconf 80' lang='lat' dir='ltr'><strong><em>Probatur</em></strong></span> <span class='ocrx_word' id='word_1_37' title='bbox 819 750 853 789; x_wconf 78' lang='lat' dir='ltr'><strong>ec</strong></span> <span class='ocrx_word' id='word_1_38' title='bbox 867 731 899 792; x_wconf 88' lang='lat' dir='ltr'><strong>S.</strong></span> 
     </span>
     <span class='ocr_line' id='line_1_7' title="bbox 45 804 843 881; baseline 0.01 -21"><span class='ocrx_word' id='word_1_39' title='bbox 45 804 172 881; x_wconf 56' lang='lat' dir='ltr'><strong>partina.</strong></span> <span class='ocrx_word' id='word_1_40' title='bbox 214 804 288 864; x_wconf 88' lang='lat' dir='ltr'><strong>VII.</strong></span> <span class='ocrx_word' id='word_1_41' title='bbox 303 807 359 864; x_wconf 72' lang='lat' dir='ltr'><strong>Ea.</strong></span> <span class='ocrx_word' id='word_1_42' title='bbox 374 806 405 866; x_wconf 82' lang='lat' dir='ltr'><strong>S.</strong></span> <span class='ocrx_word' id='word_1_43' title='bbox 425 805 539 867; x_wconf 73' lang='lat' dir='ltr'><strong>Thomu.</strong></span> <span class='ocrx_word' id='word_1_44' title='bbox 581 809 671 871; x_wconf 86' lang='lat' dir='ltr'><strong>VIII.</strong></span> <span class='ocrx_word' id='word_1_45' title='bbox 686 810 713 869; x_wconf 80' lang='lat' dir='ltr'><em>A</em></span> <span class='ocrx_word' id='word_1_46' title='bbox 727 809 843 868; x_wconf 75' lang='lat' dir='ltr'><strong>ratione.</strong></span> 
     </span>
    </p>
   </div>
   <div class='ocr_carea' id='block_1_4' title="bbox 45 947 923 3827">
    <p class='ocr_par' dir='ltr' id='par_1_4' title="bbox 45 947 620 1030">
     <span class='ocr_line' id='line_1_8' title="bbox 45 947 620 1030; baseline 0.012 -23"><span class='ocrx_word' id='word_1_47' title='bbox 45 947 115 1007; x_wconf 86' lang='lat' dir='ltr'><strong>UID</strong></span> <span class='ocrx_word' id='word_1_48' title='bbox 131 961 177 1008; x_wconf 88' lang='lat' dir='ltr'><strong>est</strong></span> <span class='ocrx_word' id='word_1_49' title='bbox 188 951 459 1028; x_wconf 80' lang='lat' dir='ltr'><strong>praedeterrrriuatio</strong></span> <span class='ocrx_word' id='word_1_50' title='bbox 472 952 620 1030; x_wconf 81' lang='lat' dir='ltr'><strong>physica?</strong></span> 
     </span>
    </p>

    <p class='ocr_par' dir='ltr' id='par_1_5' title="bbox 45 1028 908 1246">
     <span class='ocr_line' id='line_1_9' title="bbox 49 1028 905 1110; baseline 0.011 -25"><span class='ocrx_word' id='word_1_51' title='bbox 49 1029 83 1086; x_wconf 89' lang='lat' dir='ltr'><strong>R.</strong></span> <span class='ocrx_word' id='word_1_52' title='bbox 104 1028 162 1087; x_wconf 86' lang='lat' dir='ltr'><strong>Est</strong></span> <span class='ocrx_word' id='word_1_53' title='bbox 182 1032 274 1089; x_wconf 90' lang='lat' dir='ltr'><strong>motio</strong></span> <span class='ocrx_word' id='word_1_54' title='bbox 301 1031 404 1091; x_wconf 85' lang='lat' dir='ltr'><strong>divina</strong></span> <span class='ocrx_word' id='word_1_55' title='bbox 427 1032 580 1110; x_wconf 78' lang='lat' dir='ltr'><strong>applicans</strong></span> <span class='ocrx_word' id='word_1_56' title='bbox 602 1053 721 1093; x_wconf 86' lang='lat' dir='ltr'><strong>causam</strong></span> <span class='ocrx_word' id='word_1_57' title='bbox 744 1033 905 1094; x_wconf 87' lang='lat' dir='ltr'><strong>secundam</strong></span> 
     </span>
     <span class='ocr_line' id='line_1_10' title="bbox 45 1109 908 1175; baseline 0.01 -9"><span class='ocrx_word' id='word_1_58' title='bbox 45 1109 90 1168; x_wconf 70' lang='lat' dir='ltr'><strong>ica</strong></span> <span class='ocrx_word' id='word_1_59' title='bbox 107 1120 138 1169; x_wconf 89' lang='lat' dir='ltr'><strong>et</strong></span> <span class='ocrx_word' id='word_1_60' title='bbox 150 1111 345 1172; x_wconf 72' lang='lat' dir='ltr'><strong>datsnninetb</strong></span> <span class='ocrx_word' id='word_1_61' title='bbox 358 1113 396 1171; x_wconf 91' lang='lat' dir='ltr'><strong>ad</strong></span> <span class='ocrx_word' id='word_1_62' title='bbox 409 1124 523 1173; x_wconf 87' lang='lat' dir='ltr'><strong>motum</strong></span> <span class='ocrx_word' id='word_1_63' title='bbox 537 1115 587 1174; x_wconf 85' lang='lat' dir='ltr'><strong>vel</strong></span> <span class='ocrx_word' id='word_1_64' title='bbox 598 1115 745 1175; x_wconf 86' lang='lat' dir='ltr'><strong>actionem</strong></span> <span class='ocrx_word' id='word_1_65' title='bbox 767 1113 908 1175; x_wconf 78' lang='lat' dir='ltr'><strong>determi-</strong></span> 
     </span>
     <span class='ocr_line' id='line_1_11' title="bbox 45 1209 74 1246; baseline 0 0"><span class='ocrx_word' id='word_1_66' title='bbox 45 1209 74 1246; x_wconf 91' lang='lat' dir='ltr'><strong>n.</strong></span> 
     </span>
    </p>

    <p class='ocr_par' dir='ltr' id='par_1_6' title="bbox 45 1270 908 1651">
     <span class='ocr_line' id='line_1_12' title="bbox 45 1270 908 1352; baseline 0.009 -25"><span class='ocrx_word' id='word_1_67' title='bbox 45 1289 83 1328; x_wconf 78' lang='lat' dir='ltr'><strong>ac</strong></span> <span class='ocrx_word' id='word_1_68' title='bbox 87 1270 177 1349; x_wconf 86' lang='lat' dir='ltr'><strong>juxta</strong></span> <span class='ocrx_word' id='word_1_69' title='bbox 189 1293 292 1331; x_wconf 88' lang='lat' dir='ltr'><strong>omnes</strong></span> <span class='ocrx_word' id='word_1_70' title='bbox 297 1272 420 1350; x_wconf 80' lang='lat' dir='ltr'><strong>reperiri</strong></span> <span class='ocrx_word' id='word_1_71' title='bbox 431 1283 530 1351; x_wconf 89' lang='lat' dir='ltr'><strong>potest</strong></span> <span class='ocrx_word' id='word_1_72' title='bbox 540 1274 571 1332; x_wconf 92' lang='lat' dir='ltr'><strong>in</strong></span> <span class='ocrx_word' id='word_1_73' title='bbox 585 1276 718 1334; x_wconf 83' lang='lat' dir='ltr'><strong>motibus</strong></span> <span class='ocrx_word' id='word_1_74' title='bbox 728 1275 908 1352; x_wconf 87' lang='lat' dir='ltr'><strong>quibusdam</strong></span> 
     </span>
     <span class='ocr_line' id='line_1_13' title="bbox 45 1353 907 1423; baseline 0.009 -15"><span class='ocrx_word' id='word_1_75' title='bbox 45 1369 171 1409; x_wconf 75' lang='lat' dir='ltr'><strong>:uratum</strong></span> <span class='ocrx_word' id='word_1_76' title='bbox 186 1353 443 1423; x_wconf 77' lang='lat' dir='ltr'><strong>irrationabilium,</strong></span> <span class='ocrx_word' id='word_1_77' title='bbox 458 1353 530 1412; x_wconf 89' lang='lat' dir='ltr'><strong>etin</strong></span> <span class='ocrx_word' id='word_1_78' title='bbox 543 1355 710 1414; x_wconf 79' lang='lat' dir='ltr'><strong>actionibus</strong></span> <span class='ocrx_word' id='word_1_79' title='bbox 723 1374 783 1412; x_wconf 89' lang='lat' dir='ltr'><strong>non</strong></span> <span class='ocrx_word' id='word_1_80' title='bbox 796 1355 907 1416; x_wconf 80' lang='lat' dir='ltr'><strong>liberis.</strong></span> 
     </span>
     <span class='ocr_line' id='line_1_14' title="bbox 47 1433 908 1511; baseline 0.009 -24"><span class='ocrx_word' id='word_1_81' title='bbox 47 1474 53 1487; x_wconf 91' lang='lat'>.</span> <span class='ocrx_word' id='word_1_82' title='bbox 68 1433 223 1504; x_wconf 67' lang='lat' dir='ltr'><strong>Quaeritur</strong></span> <span class='ocrx_word' id='word_1_83' title='bbox 236 1434 393 1511; x_wconf 67' lang='lat' dir='ltr'><strong>praecipue,</strong></span> <span class='ocrx_word' id='word_1_84' title='bbox 420 1453 457 1491; x_wconf 86' lang='lat' dir='ltr'><strong>an</strong></span> <span class='ocrx_word' id='word_1_85' title='bbox 477 1453 640 1495; x_wconf 80' lang='lat' dir='ltr'>concursus</span> <span class='ocrx_word' id='word_1_86' title='bbox 653 1435 712 1494; x_wconf 87' lang='lat' dir='ltr'><strong>Dei</strong></span> <span class='ocrx_word' id='word_1_87' title='bbox 729 1433 798 1493; x_wconf 87' lang='lat' dir='ltr'><strong>talis</strong></span> <span class='ocrx_word' id='word_1_88' title='bbox 812 1437 859 1506; x_wconf 82' lang='lat' dir='ltr'><strong>sit,</strong></span> <span class='ocrx_word' id='word_1_89' title='bbox 874 1448 908 1495; x_wconf 89' lang='lat' dir='ltr'><strong>ut</strong></span> 
     </span>
     <span class='ocr_line' id='line_1_15' title="bbox 45 1510 908 1592; baseline 0.007 -24"><span class='ocrx_word' id='word_1_90' title='bbox 45 1510 142 1588; x_wconf 75' lang='lat' dir='ltr'><strong>bysicb</strong></span> <span class='ocrx_word' id='word_1_91' title='bbox 156 1513 399 1592; x_wconf 87' lang='lat' dir='ltr'><strong>praedeterminet</strong></span> <span class='ocrx_word' id='word_1_92' title='bbox 409 1524 573 1574; x_wconf 87' lang='lat' dir='ltr'><strong>creaturam</strong></span> <span class='ocrx_word' id='word_1_93' title='bbox 587 1515 760 1574; x_wconf 75' lang='lat' dir='ltr'><strong>rationalem</strong></span> <span class='ocrx_word' id='word_1_94' title='bbox 775 1513 815 1573; x_wconf 89' lang='lat' dir='ltr'><strong>ad</strong></span> <span class='ocrx_word' id='word_1_95' title='bbox 824 1527 908 1576; x_wconf 87' lang='lat' dir='ltr'><strong>actus</strong></span> 
     </span>
     <span class='ocr_line' id='line_1_16' title="bbox 45 1597 100 1651; baseline 0.055 -3"><span class='ocrx_word' id='word_1_96' title='bbox 45 1597 100 1651; x_wconf 84' lang='lat' dir='ltr'><strong>os?</strong></span> 
     </span>
    </p>

    <p class='ocr_par' dir='ltr' id='par_1_7' title="bbox 45 1672 769 1752">
     <span class='ocr_line' id='line_1_17' title="bbox 45 1672 769 1752; baseline 0.004 -21"><span class='ocrx_word' id='word_1_97' title='bbox 45 1720 46 1731; x_wconf 67' lang='grc'>,</span> <span class='ocrx_word' id='word_1_98' title='bbox 62 1675 138 1731; x_wconf 91' lang='lat' dir='ltr'><strong>Tres</strong></span> <span class='ocrx_word' id='word_1_99' title='bbox 149 1672 276 1752; x_wconf 82' lang='lat' dir='ltr'>desuper</span> <span class='ocrx_word' id='word_1_100' title='bbox 288 1683 357 1733; x_wconf 90' lang='lat' dir='ltr'><strong>sunt</strong></span> <span class='ocrx_word' id='word_1_101' title='bbox 370 1675 525 1734; x_wconf 81' lang='lat' dir='ltr'><strong>sententiae</strong></span> <span class='ocrx_word' id='word_1_102' title='bbox 534 1674 769 1752; x_wconf 75' lang='lat' dir='ltr'><strong>principaliores</strong></span> 
     </span>
    </p>

    <p class='ocr_par' dir='ltr' id='par_1_8' title="bbox 45 1753 912 2315">
     <span class='ocr_line' id='line_1_18' title="bbox 47 1753 911 1833; baseline 0.007 -23"><span class='ocrx_word' id='word_1_103' title='bbox 47 1754 71 1810; x_wconf 92' lang='lat' dir='ltr'><strong>I.</strong></span> <span class='ocrx_word' id='word_1_104' title='bbox 96 1753 198 1813; x_wconf 87' lang='lat' dir='ltr'><strong>Prima</strong></span> <span class='ocrx_word' id='word_1_105' title='bbox 225 1764 269 1813; x_wconf 89' lang='lat' dir='ltr'><strong>ast</strong></span> <span class='ocrx_word' id='word_1_106' title='bbox 291 1754 501 1815; x_wconf 88' lang='lat' dir='ltr'><strong>modernorum</strong></span> <span class='ocrx_word' id='word_1_107' title='bbox 530 1755 773 1827; x_wconf 78' lang='lat' dir='ltr'><strong>&#39;I&#39;homistarum‚·</strong></span> <span class='ocrx_word' id='word_1_108' title='bbox 792 1755 845 1833; x_wconf 85' lang='lat' dir='ltr'><strong>qui</strong></span> <span class='ocrx_word' id='word_1_109' title='bbox 872 1757 911 1816; x_wconf 89' lang='lat' dir='ltr'><strong>ad</strong></span> 
     </span>
     <span class='ocr_line' id='line_1_19' title="bbox 45 1834 907 1914; baseline 0.003 -23"><span class='ocrx_word' id='word_1_110' title='bbox 45 1854 85 1891; x_wconf 82' lang='lat' dir='ltr'><strong>em</strong></span> <span class='ocrx_word' id='word_1_111' title='bbox 99 1834 247 1893; x_wconf 81' lang='lat' dir='ltr'><strong>actionem</strong></span> <span class='ocrx_word' id='word_1_112' title='bbox 261 1845 291 1892; x_wconf 93' lang='lat' dir='ltr'><strong>et</strong></span> <span class='ocrx_word' id='word_1_113' title='bbox 301 1846 415 1897; x_wconf 88' lang='lat' dir='ltr'><strong>motum</strong></span> <span class='ocrx_word' id='word_1_114' title='bbox 427 1846 569 1895; x_wconf 79' lang='lat' dir='ltr'><strong>creaturae</strong></span> <span class='ocrx_word' id='word_1_115' title='bbox 579 1836 735 1912; x_wconf 86' lang='lat' dir='ltr'><strong>requirunt</strong></span> <span class='ocrx_word' id='word_1_116' title='bbox 744 1837 907 1914; x_wconf 70' lang='lat' dir='ltr'><strong>praedeter-</strong></span> 
     </span>
     <span class='ocr_line' id='line_1_20' title="bbox 45 1915 910 1994; baseline 0.006 -22"><span class='ocrx_word' id='word_1_117' title='bbox 45 1915 162 1972; x_wconf 70' lang='lat' dir='ltr'><strong>ttiunem</strong></span> <span class='ocrx_word' id='word_1_118' title='bbox 175 1915 349 1992; x_wconf 82' lang='lat' dir='ltr'><strong>physicam:</strong></span> <span class='ocrx_word' id='word_1_119' title='bbox 363 1917 450 1974; x_wconf 86' lang='lat' dir='ltr'><strong>etiam</strong></span> <span class='ocrx_word' id='word_1_120' title='bbox 465 1917 503 1975; x_wconf 86' lang='lat' dir='ltr'><strong>ad</strong></span> <span class='ocrx_word' id='word_1_121' title='bbox 516 1915 668 1974; x_wconf 82' lang='lat' dir='ltr'><strong>materiale</strong></span> <span class='ocrx_word' id='word_1_122' title='bbox 676 1916 809 1994; x_wconf 70' lang='lat' dir='ltr'><strong>peccaut</strong></span> <span class='ocrx_word' id='word_1_123' title='bbox 824 1929 855 1974; x_wconf 84' lang='lat' dir='ltr'><strong>et</strong></span> <span class='ocrx_word' id='word_1_124' title='bbox 869 1918 910 1977; x_wconf 86' lang='lat' dir='ltr'><strong>ita</strong></span> 
     </span>
     <span class='ocr_line' id='line_1_21' title="bbox 45 1994 910 2072; baseline 0.003 -20"><span class='ocrx_word' id='word_1_125' title='bbox 45 2016 53 2052; x_wconf 84' lang='grc' dir='ltr'><strong>ι</strong></span> <span class='ocrx_word' id='word_1_126' title='bbox 75 1995 157 2072; x_wconf 91' lang='lat' dir='ltr'><strong>ipsos</strong></span> <span class='ocrx_word' id='word_1_127' title='bbox 181 1994 264 2053; x_wconf 89' lang='lat' dir='ltr'><strong>Deus</strong></span> <span class='ocrx_word' id='word_1_128' title='bbox 299 1997 456 2055; x_wconf 88' lang='lat' dir='ltr'><strong>efficaciter</strong></span> <span class='ocrx_word' id='word_1_129' title='bbox 477 2007 507 2055; x_wconf 90' lang='lat' dir='ltr'><strong>et</strong></span> <span class='ocrx_word' id='word_1_130' title='bbox 530 1995 727 2055; x_wconf 81' lang='lat' dir='ltr'><strong>infallibiliter</strong></span> <span class='ocrx_word' id='word_1_131' title='bbox 750 2008 848 2054; x_wconf 74' lang='lat' dir='ltr'><strong>movet</strong></span> <span class='ocrx_word' id='word_1_132' title='bbox 871 1997 910 2055; x_wconf 90' lang='lat' dir='ltr'><strong>ad</strong></span> 
     </span>
     <span class='ocr_line' id='line_1_22' title="bbox 45 2075 911 2155; baseline 0.002 -22"><span class='ocrx_word' id='word_1_133' title='bbox 45 2096 69 2133; x_wconf 86' lang='lat' dir='ltr'><strong>n</strong></span> <span class='ocrx_word' id='word_1_134' title='bbox 82 2075 146 2132; x_wconf 90' lang='lat' dir='ltr'><strong>odii</strong></span> <span class='ocrx_word' id='word_1_135' title='bbox 161 2075 230 2146; x_wconf 87' lang='lat' dir='ltr'><strong>Dei,</strong></span> <span class='ocrx_word' id='word_1_136' title='bbox 251 2076 452 2154; x_wconf 74' lang='lat' dir='ltr'><strong>blasphemia,</strong></span> <span class='ocrx_word' id='word_1_137' title='bbox 480 2078 536 2136; x_wconf 89' lang='lat' dir='ltr'><strong>e&#39;tc.</strong></span> <span class='ocrx_word' id='word_1_138' title='bbox 557 2095 619 2133; x_wconf 91' lang='lat' dir='ltr'><strong>non</strong></span> <span class='ocrx_word' id='word_1_139' title='bbox 632 2086 732 2134; x_wconf 89' lang='lat' dir='ltr'><strong>tamen</strong></span> <span class='ocrx_word' id='word_1_140' title='bbox 754 2077 793 2136; x_wconf 84' lang='lat' dir='ltr'><strong>ad</strong></span> <span class='ocrx_word' id='word_1_141' title='bbox 812 2077 911 2155; x_wconf 81' lang='lat' dir='ltr'><strong>Ipsum</strong></span> 
     </span>
     <span class='ocr_line' id='line_1_23' title="bbox 45 2154 912 2234; baseline 0.002 -20"><span class='ocrx_word' id='word_1_142' title='bbox 45 2168 136 2214; x_wconf 82' lang='lat' dir='ltr'><strong>atum.</strong></span> <span class='ocrx_word' id='word_1_143' title='bbox 158 2157 271 2214; x_wconf 88' lang='lat' dir='ltr'><strong>Eorum</strong></span> <span class='ocrx_word' id='word_1_144' title='bbox 284 2157 437 2234; x_wconf 74' lang='lat' dir='ltr'><strong>precipua</strong></span> <span class='ocrx_word' id='word_1_145' title='bbox 449 2158 525 2216; x_wconf 88' lang='lat' dir='ltr'><strong>ratio</strong></span> <span class='ocrx_word' id='word_1_146' title='bbox 538 2169 592 2226; x_wconf 84' lang='lat' dir='ltr'><strong>est,</strong></span> <span class='ocrx_word' id='word_1_147' title='bbox 608 2154 689 2233; x_wconf 72' lang='lat' dir='ltr'><strong>quiid</strong></span> <span class='ocrx_word' id='word_1_148' title='bbox 703 2156 761 2216; x_wconf 89' lang='lat' dir='ltr'><strong>hoc</strong></span> <span class='ocrx_word' id='word_1_149' title='bbox 774 2157 912 2217; x_wconf 82' lang='lat' dir='ltr'><strong>videatur</strong></span> 
     </span>
     <span class='ocr_line' id='line_1_24' title="bbox 45 2236 769 2315; baseline 0.004 -22"><span class='ocrx_word' id='word_1_150' title='bbox 45 2256 89 2295; x_wconf 74' lang='lat' dir='ltr'><strong>ere</strong></span> <span class='ocrx_word' id='word_1_151' title='bbox 103 2237 308 2295; x_wconf 86' lang='lat' dir='ltr'><strong>subordinatio</strong></span> <span class='ocrx_word' id='word_1_152' title='bbox 322 2257 417 2296; x_wconf 85' lang='lat' dir='ltr'><strong>causae</strong></span> <span class='ocrx_word' id='word_1_153' title='bbox 432 2238 567 2296; x_wconf 81' lang='lat' dir='ltr'><strong>secunda</strong></span> <span class='ocrx_word' id='word_1_154' title='bbox 581 2236 620 2295; x_wconf 81' lang='lat' dir='ltr'><strong>acl</strong></span> <span class='ocrx_word' id='word_1_155' title='bbox 633 2237 769 2315; x_wconf 90' lang='lat' dir='ltr'><strong>primam.</strong></span> 
     </span>
    </p>

    <p class='ocr_par' dir='ltr' id='par_1_9' title="bbox 45 2311 916 3280">
     <span class='ocr_line' id='line_1_25' title="bbox 45 2311 912 2395; baseline 0 -18"><span class='ocrx_word' id='word_1_156' title='bbox 45 2319 66 2375; x_wconf 65' lang='lat' dir='ltr'><strong>I.</strong></span> <span class='ocrx_word' id='word_1_157' title='bbox 83 2311 222 2377; x_wconf 76' lang='lat' dir='ltr'><strong>Secunda</strong></span> <span class='ocrx_word' id='word_1_158' title='bbox 236 2319 380 2377; x_wconf 85' lang='lat' dir='ltr'><strong>sententia</strong></span> <span class='ocrx_word' id='word_1_159' title='bbox 403 2319 533 2376; x_wconf 87' lang='lat' dir='ltr'><strong>totaliter</strong></span> <span class='ocrx_word' id='word_1_160' title='bbox 559 2317 657 2395; x_wconf 81' lang='lat' dir='ltr'><strong>rejicit</strong></span> <span class='ocrx_word' id='word_1_161' title='bbox 679 2316 912 2394; x_wconf 82' lang='lat' dir='ltr'><strong>predetermIna-</strong></span> 
     </span>
     <span class='ocr_line' id='line_1_26' title="bbox 45 2397 914 2475; baseline 0.003 -22"><span class='ocrx_word' id='word_1_162' title='bbox 45 2418 83 2455; x_wconf 73' lang='lat' dir='ltr'><strong>em</strong></span> <span class='ocrx_word' id='word_1_163' title='bbox 107 2397 264 2475; x_wconf 78' lang='lat' dir='ltr'><strong>physicam</strong></span> <span class='ocrx_word' id='word_1_164' title='bbox 278 2401 317 2457; x_wconf 87' lang='lat' dir='ltr'><strong>ab</strong></span> <span class='ocrx_word' id='word_1_165' title='bbox 330 2398 467 2458; x_wconf 86' lang='lat' dir='ltr'><strong>omnibus</strong></span> <span class='ocrx_word' id='word_1_166' title='bbox 493 2397 659 2456; x_wconf 83' lang='lat' dir='ltr'><strong>actionibus</strong></span> <span class='ocrx_word' id='word_1_167' title='bbox 671 2397 772 2458; x_wconf 85' lang='lat' dir='ltr'><strong>liberis</strong></span> <span class='ocrx_word' id='word_1_168' title='bbox 785 2409 845 2456; x_wconf 86' lang='lat' dir='ltr'><strong>tam</strong></span> <span class='ocrx_word' id='word_1_169' title='bbox 860 2416 914 2457; x_wconf 79' lang='lat' dir='ltr'><strong>nr-</strong></span> 
     </span>
     <span class='ocr_line' id='line_1_27' title="bbox 45 2478 913 2557; baseline 0 -21"><span class='ocrx_word' id='word_1_170' title='bbox 45 2478 130 2548; x_wconf 87' lang='lat' dir='ltr'><strong>ibus,</strong></span> <span class='ocrx_word' id='word_1_171' title='bbox 146 2480 235 2557; x_wconf 85' lang='lat' dir='ltr'><strong>quiun</strong></span> <span class='ocrx_word' id='word_1_172' title='bbox 247 2479 539 2556; x_wconf 81' lang='lat' dir='ltr'><strong>supernaturalibus:</strong></span> <span class='ocrx_word' id='word_1_173' title='bbox 551 2478 715 2537; x_wconf 83' lang='lat' dir='ltr'><strong>admittunt</strong></span> <span class='ocrx_word' id='word_1_174' title='bbox 727 2489 828 2537; x_wconf 88' lang='lat' dir='ltr'><strong>tamen</strong></span> <span class='ocrx_word' id='word_1_175' title='bbox 843 2497 913 2536; x_wconf 84' lang='lat' dir='ltr'><strong>can·</strong></span> 
     </span>
     <span class='ocr_line' id='line_1_28' title="bbox 45 2558 913 2636; baseline 0 -20"><span class='ocrx_word' id='word_1_176' title='bbox 45 2578 92 2616; x_wconf 83' lang='lat' dir='ltr'><strong>rm</strong></span> <span class='ocrx_word' id='word_1_177' title='bbox 120 2558 328 2617; x_wconf 86' lang='lat' dir='ltr'><strong>simultaneum</strong></span> <span class='ocrx_word' id='word_1_178' title='bbox 356 2572 386 2617; x_wconf 90' lang='lat' dir='ltr'><strong>et</strong></span> <span class='ocrx_word' id='word_1_179' title='bbox 408 2559 743 2636; x_wconf 84' lang='lat' dir='ltr'><strong>praedeterminationem</strong></span> <span class='ocrx_word' id='word_1_180' title='bbox 762 2559 913 2630; x_wconf 84' lang='lat' dir='ltr'><strong>moralem,</strong></span> 
     </span>
     <span class='ocr_line' id='line_1_29' title="bbox 49 2638 913 2719; baseline 0.002 -23"><span class='ocrx_word' id='word_1_181' title='bbox 49 2639 167 2697; x_wconf 87' lang='lat' dir='ltr'><strong>fatente</strong></span> <span class='ocrx_word' id='word_1_182' title='bbox 183 2641 294 2708; x_wconf 87' lang='lat' dir='ltr'><strong>Lessio,</strong></span> <span class='ocrx_word' id='word_1_183' title='bbox 321 2651 420 2716; x_wconf 89' lang='lat' dir='ltr'><strong>potest</strong></span> <span class='ocrx_word' id='word_1_184' title='bbox 443 2660 505 2699; x_wconf 86' lang='lat' dir='ltr'><strong>ease</strong></span> <span class='ocrx_word' id='word_1_185' title='bbox 528 2638 731 2696; x_wconf 81' lang='lat' dir='ltr'><strong>vehementior</strong></span> <span class='ocrx_word' id='word_1_186' title='bbox 744 2639 775 2696; x_wconf 92' lang='lat' dir='ltr'><strong>in</strong></span> <span class='ocrx_word' id='word_1_187' title='bbox 790 2656 834 2709; x_wconf 86' lang='lat' dir='ltr'><strong>so,</strong></span> <span class='ocrx_word' id='word_1_188' title='bbox 860 2640 913 2719; x_wconf 87' lang='lat' dir='ltr'><strong>qni</strong></span> 
     </span>
     <span class='ocr_line' id='line_1_30' title="bbox 45 2717 916 2798; baseline 0.003 -22"><span class='ocrx_word' id='word_1_189' title='bbox 45 2720 109 2778; x_wconf 87' lang='lat' dir='ltr'><strong>ntit</strong></span> <span class='ocrx_word' id='word_1_190' title='bbox 123 2720 234 2794; x_wconf 85' lang='lat' dir='ltr'><strong>gratiae,</strong></span> <span class='ocrx_word' id='word_1_191' title='bbox 250 2720 340 2796; x_wconf 67' lang='lat' dir='ltr'><strong>quium</strong></span> <span class='ocrx_word' id='word_1_192' title='bbox 354 2719 386 2779; x_wconf 90' lang='lat' dir='ltr'><strong>in</strong></span> <span class='ocrx_word' id='word_1_193' title='bbox 400 2741 444 2791; x_wconf 87' lang='lat' dir='ltr'><strong>eo,</strong></span> <span class='ocrx_word' id='word_1_194' title='bbox 456 2720 508 2798; x_wconf 91' lang='lat' dir='ltr'><strong>qni</strong></span> <span class='ocrx_word' id='word_1_195' title='bbox 519 2717 674 2777; x_wconf 77' lang='lat' dir='ltr'><strong>consentit.</strong></span> <span class='ocrx_word' id='word_1_196' title='bbox 707 2719 826 2777; x_wconf 89' lang='lat' dir='ltr'><strong>Horum</strong></span> <span class='ocrx_word' id='word_1_197' title='bbox 839 2720 916 2779; x_wconf 87' lang='lat' dir='ltr'><strong>ratio</strong></span> 
     </span>
     <span class='ocr_line' id='line_1_31' title="bbox 50 2797 915 2878; baseline 0.001 -20"><span class='ocrx_word' id='word_1_198' title='bbox 50 2799 138 2876; x_wconf 70' lang='lat' dir='ltr'><strong>quod</strong></span> <span class='ocrx_word' id='word_1_199' title='bbox 150 2801 419 2876; x_wconf 77' lang='lat' dir='ltr'><strong>pradeterminatio</strong></span> <span class='ocrx_word' id='word_1_200' title='bbox 442 2801 569 2878; x_wconf 83' lang='lat' dir='ltr'><strong>physica</strong></span> <span class='ocrx_word' id='word_1_201' title='bbox 589 2797 725 2866; x_wconf 84' lang='lat' dir='ltr'><strong>videatur</strong></span> <span class='ocrx_word' id='word_1_202' title='bbox 738 2798 849 2858; x_wconf 77' lang='lat' dir='ltr'><strong>inferre</strong></span> <span class='ocrx_word' id='word_1_203' title='bbox 862 2820 915 2859; x_wconf 87' lang='lat' dir='ltr'><strong>ne·</strong></span> 
     </span>
     <span class='ocr_line' id='line_1_32' title="bbox 45 2880 915 2955; baseline -0.002 -15"><span class='ocrx_word' id='word_1_204' title='bbox 45 2891 140 2940; x_wconf 84' lang='lat' dir='ltr'><strong>tatem</strong></span> <span class='ocrx_word' id='word_1_205' title='bbox 149 2880 370 2939; x_wconf 81' lang='lat' dir='ltr'><strong>antecedentem</strong></span> <span class='ocrx_word' id='word_1_206' title='bbox 376 2892 408 2940; x_wconf 89' lang='lat' dir='ltr'><strong>et</strong></span> <span class='ocrx_word' id='word_1_207' title='bbox 417 2880 591 2946; x_wconf 80' lang='lat' dir='ltr'><strong>absolutam,</strong></span> <span class='ocrx_word' id='word_1_208' title='bbox 602 2880 703 2955; x_wconf 86' lang='lat' dir='ltr'><strong>sicque</strong></span> <span class='ocrx_word' id='word_1_209' title='bbox 713 2880 819 2939; x_wconf 83' lang='lat' dir='ltr'><strong>tollere</strong></span> <span class='ocrx_word' id='word_1_210' title='bbox 824 2880 915 2938; x_wconf 84' lang='lat' dir='ltr'><strong>liber·</strong></span> 
     </span>
     <span class='ocr_line' id='line_1_33' title="bbox 45 2959 915 3037; baseline 0 -18"><span class='ocrx_word' id='word_1_211' title='bbox 45 2983 64 3019; x_wconf 89' lang='lat' dir='ltr'><strong>n</strong></span> <span class='ocrx_word' id='word_1_212' title='bbox 78 2960 293 3020; x_wconf 76' lang='lat' dir='ltr'><strong>indifferentia.</strong></span> <span class='ocrx_word' id='word_1_213' title='bbox 310 2963 392 3019; x_wconf 85' lang='lat' dir='ltr'><strong>Inter</strong></span> <span class='ocrx_word' id='word_1_214' title='bbox 410 2962 580 3021; x_wconf 84' lang='lat' dir='ltr'><strong>defensores</strong></span> <span class='ocrx_word' id='word_1_215' title='bbox 593 2959 684 3037; x_wconf 85' lang='lat' dir='ltr'><strong>hujus</strong></span> <span class='ocrx_word' id='word_1_216' title='bbox 695 2961 846 3019; x_wconf 80' lang='lat' dir='ltr'><strong>sententiar</strong></span> <span class='ocrx_word' id='word_1_217' title='bbox 858 2980 915 3019; x_wconf 84' lang='lat' dir='ltr'><strong>nu·</strong></span> 
     </span>
     <span class='ocr_line' id='line_1_34' title="bbox 45 3039 915 3119; baseline -0.005 -17"><span class='ocrx_word' id='word_1_218' title='bbox 45 3041 293 3102; x_wconf 77' lang='lat' dir='ltr'><strong>mturMoliniste</strong></span> <span class='ocrx_word' id='word_1_219' title='bbox 301 3054 332 3099; x_wconf 89' lang='lat' dir='ltr'><strong>et</strong></span> <span class='ocrx_word' id='word_1_220' title='bbox 343 3040 597 3119; x_wconf 77' lang='lat' dir='ltr'><strong>CongruIstae,qui</strong></span> <span class='ocrx_word' id='word_1_221' title='bbox 606 3058 668 3098; x_wconf 88' lang='lat' dir='ltr'><strong>nou</strong></span> <span class='ocrx_word' id='word_1_222' title='bbox 677 3039 839 3099; x_wconf 86' lang='lat' dir='ltr'><strong>admittunt</strong></span> <span class='ocrx_word' id='word_1_223' title='bbox 847 3061 915 3118; x_wconf 78' lang='lat' dir='ltr'><strong>gra·</strong></span> 
     </span>
     <span class='ocr_line' id='line_1_35' title="bbox 61 3120 914 3200; baseline -0.004 -20"><span class='ocrx_word' id='word_1_224' title='bbox 61 3141 118 3200; x_wconf 88' lang='lat' dir='ltr'><strong>per</strong></span> <span class='ocrx_word' id='word_1_225' title='bbox 132 3141 163 3178; x_wconf 91' lang='lat' dir='ltr'><strong>se</strong></span> <span class='ocrx_word' id='word_1_226' title='bbox 177 3133 207 3180; x_wconf 92' lang='lat' dir='ltr'><strong>et</strong></span> <span class='ocrx_word' id='word_1_227' title='bbox 220 3125 257 3181; x_wconf 91' lang='lat' dir='ltr'><strong>ab</strong></span> <span class='ocrx_word' id='word_1_228' title='bbox 272 3122 432 3181; x_wconf 87' lang='lat' dir='ltr'><strong>intrinseco</strong></span> <span class='ocrx_word' id='word_1_229' title='bbox 456 3122 611 3190; x_wconf 86' lang='lat' dir='ltr'><strong>efficacem,</strong></span> <span class='ocrx_word' id='word_1_230' title='bbox 632 3120 685 3178; x_wconf 86' lang='lat' dir='ltr'><strong>sed</strong></span> <span class='ocrx_word' id='word_1_231' title='bbox 708 3121 824 3178; x_wconf 74' lang='lat' dir='ltr'><strong>tantum</strong></span> <span class='ocrx_word' id='word_1_232' title='bbox 849 3140 914 3178; x_wconf 87' lang='lat' dir='ltr'><strong>ver-</strong></span> 
     </span>
     <span class='ocr_line' id='line_1_36' title="bbox 45 3213 817 3280; baseline 0 -18"><span class='ocrx_word' id='word_1_233' title='bbox 45 3223 87 3262; x_wconf 71' lang='lat' dir='ltr'><strong>am</strong></span> <span class='ocrx_word' id='word_1_234' title='bbox 101 3213 336 3280; x_wconf 82' lang='lat' dir='ltr'><strong>autcongruam.</strong></span> <span class='ocrx_word' id='word_1_235' title='bbox 814 3224 817 3230; x_wconf 93' lang='lat'>·</span> 
     </span>
    </p>

    <p class='ocr_par' dir='ltr' id='par_1_10' title="bbox 45 3280 923 3827">
     <span class='ocr_line' id='line_1_37' title="bbox 45 3280 915 3361; baseline -0.007 -15"><span class='ocrx_word' id='word_1_236' title='bbox 45 3333 48 3346; x_wconf 87' lang='lat'>.</span> <span class='ocrx_word' id='word_1_237' title='bbox 82 3284 187 3342; x_wconf 86' lang='lat' dir='ltr'><strong>Tertia</strong></span> <span class='ocrx_word' id='word_1_238' title='bbox 202 3283 346 3341; x_wconf 86' lang='lat' dir='ltr'><strong>sententia</strong></span> <span class='ocrx_word' id='word_1_239' title='bbox 359 3284 437 3341; x_wconf 89' lang='lat' dir='ltr'><strong>inter</strong></span> <span class='ocrx_word' id='word_1_240' title='bbox 458 3280 660 3361; x_wconf 70' lang='lat' dir='ltr'><strong>precedentes</strong></span> <span class='ocrx_word' id='word_1_241' title='bbox 673 3281 771 3339; x_wconf 89' lang='lat' dir='ltr'><strong>media</strong></span> <span class='ocrx_word' id='word_1_242' title='bbox 784 3280 915 3340; x_wconf 88' lang='lat' dir='ltr'><strong>admittit</strong></span> 
     </span>
     <span class='ocr_line' id='line_1_38' title="bbox 56 3359 915 3440; baseline -0.002 -17"><span class='ocrx_word' id='word_1_243' title='bbox 56 3364 232 3433; x_wconf 85' lang='lat' dir='ltr'><strong>Thomistis,</strong></span> <span class='ocrx_word' id='word_1_244' title='bbox 252 3363 594 3440; x_wconf 72' lang='lat' dir='ltr'><strong>praedeterminationem</strong></span> <span class='ocrx_word' id='word_1_245' title='bbox 612 3361 767 3440; x_wconf 86' lang='lat' dir='ltr'><strong>physicam</strong></span> <span class='ocrx_word' id='word_1_246' title='bbox 781 3359 820 3417; x_wconf 89' lang='lat' dir='ltr'><strong>ad</strong></span> <span class='ocrx_word' id='word_1_247' title='bbox 833 3371 915 3422; x_wconf 82' lang='lat' dir='ltr'><strong>aetus</strong></span> 
     </span>
     <span class='ocr_line' id='line_1_39' title="bbox 45 3440 914 3522; baseline -0.002 -19"><span class='ocrx_word' id='word_1_248' title='bbox 45 3466 65 3504; x_wconf 82' lang='lat' dir='ltr'><strong>a</strong></span> <span class='ocrx_word' id='word_1_249' title='bbox 79 3443 322 3522; x_wconf 78' lang='lat' dir='ltr'><strong>supernaturales</strong></span> <span class='ocrx_word' id='word_1_250' title='bbox 342 3442 374 3501; x_wconf 91' lang='lat' dir='ltr'><strong>in</strong></span> <span class='ocrx_word' id='word_1_251' title='bbox 396 3454 474 3502; x_wconf 84' lang='lat' dir='ltr'><strong>statu</strong></span> <span class='ocrx_word' id='word_1_252' title='bbox 492 3452 605 3511; x_wconf 78' lang='lat' dir='ltr'><strong>natura</strong></span> <span class='ocrx_word' id='word_1_253' title='bbox 625 3441 723 3518; x_wconf 79' lang='lat' dir='ltr'><strong>lapsu,</strong></span> <span class='ocrx_word' id='word_1_254' title='bbox 749 3440 780 3498; x_wconf 91' lang='lat' dir='ltr'><strong>in</strong></span> <span class='ocrx_word' id='word_1_255' title='bbox 793 3459 855 3518; x_wconf 89' lang='lat' dir='ltr'><strong>quo</strong></span> <span class='ocrx_word' id='word_1_256' title='bbox 867 3460 914 3501; x_wconf 88' lang='lat' dir='ltr'><strong>re·</strong></span> 
     </span>
     <span class='ocr_line' id='line_1_40' title="bbox 45 3523 914 3604; baseline -0.002 -20"><span class='ocrx_word' id='word_1_257' title='bbox 45 3526 66 3586; x_wconf 90' lang='lat' dir='ltr'><strong>it</strong></span> <span class='ocrx_word' id='word_1_258' title='bbox 79 3525 209 3604; x_wconf 82' lang='lat' dir='ltr'><strong>gratiam</strong></span> <span class='ocrx_word' id='word_1_259' title='bbox 222 3544 277 3602; x_wconf 93' lang='lat' dir='ltr'><strong>per</strong></span> <span class='ocrx_word' id='word_1_260' title='bbox 302 3543 333 3582; x_wconf 88' lang='lat' dir='ltr'><strong>se</strong></span> <span class='ocrx_word' id='word_1_261' title='bbox 356 3535 385 3582; x_wconf 84' lang='lat' dir='ltr'><strong>et</strong></span> <span class='ocrx_word' id='word_1_262' title='bbox 411 3525 448 3582; x_wconf 84' lang='lat' dir='ltr'><strong>ab</strong></span> <span class='ocrx_word' id='word_1_263' title='bbox 477 3523 639 3581; x_wconf 80' lang='lat' dir='ltr'><strong>intrinseco</strong></span> <span class='ocrx_word' id='word_1_264' title='bbox 661 3523 826 3582; x_wconf 80' lang='lat' dir='ltr'><strong>efficacem:</strong></span> <span class='ocrx_word' id='word_1_265' title='bbox 852 3541 914 3582; x_wconf 85' lang='lat' dir='ltr'><strong>non</strong></span> 
     </span>
     <span class='ocr_line' id='line_1_41' title="bbox 45 3601 912 3683; baseline -0.003 -18"><span class='ocrx_word' id='word_1_266' title='bbox 45 3624 72 3665; x_wconf 80' lang='lat' dir='ltr'><strong>tu</strong></span> <span class='ocrx_word' id='word_1_267' title='bbox 85 3606 127 3665; x_wconf 88' lang='lat' dir='ltr'><strong>ad</strong></span> <span class='ocrx_word' id='word_1_268' title='bbox 140 3616 225 3664; x_wconf 92' lang='lat' dir='ltr'><strong>actus</strong></span> <span class='ocrx_word' id='word_1_269' title='bbox 245 3605 485 3683; x_wconf 83' lang='lat' dir='ltr'><strong>supernaturales</strong></span> <span class='ocrx_word' id='word_1_270' title='bbox 511 3605 542 3662; x_wconf 92' lang='lat' dir='ltr'><strong>in</strong></span> <span class='ocrx_word' id='word_1_271' title='bbox 563 3603 660 3680; x_wconf 88' lang='lat' dir='ltr'><strong>primo</strong></span> <span class='ocrx_word' id='word_1_272' title='bbox 684 3611 772 3670; x_wconf 83' lang='lat' dir='ltr'><strong>statu,</strong></span> <span class='ocrx_word' id='word_1_273' title='bbox 797 3601 912 3680; x_wconf 86' lang='lat' dir='ltr'><strong>inquo,</strong></span> 
     </span>
     <span class='ocr_line' id='line_1_42' title="bbox 45 3681 923 3765; baseline -0.005 -19"><span class='ocrx_word' id='word_1_274' title='bbox 45 3687 163 3765; x_wconf 81' lang='lat' dir='ltr'><strong>shnjus</strong></span> <span class='ocrx_word' id='word_1_275' title='bbox 187 3687 338 3744; x_wconf 71' lang='lat' dir='ltr'><strong>sententie</strong></span> <span class='ocrx_word' id='word_1_276' title='bbox 361 3696 511 3764; x_wconf 85' lang='lat' dir='ltr'><strong>patronos,</strong></span> <span class='ocrx_word' id='word_1_277' title='bbox 539 3681 712 3763; x_wconf 85' lang='lat' dir='ltr'><strong>gratiauon</strong></span> <span class='ocrx_word' id='word_1_278' title='bbox 724 3683 923 3750; x_wconf 56' lang='lat' dir='ltr'><strong>eratfficau,</strong></span> 
     </span>
     <span class='ocr_line' id='line_1_43' title="bbox 45 3766 324 3827; baseline -0.018 0"><span class='ocrx_word' id='word_1_279' title='bbox 45 3767 154 3827; x_wconf 70' lang='lat' dir='ltr'><strong>nutum</strong></span> <span class='ocrx_word' id='word_1_280' title='bbox 176 3766 324 3823; x_wconf 77' lang='lat' dir='ltr'><strong>uersatiIIs.</strong></span> 
     </span>
    </p>
   </div>
   <div class='ocr_carea' id='block_1_5' title="bbox 407 3857 461 3909">
    <p class='ocr_par' dir='ltr' id='par_1_11' title="bbox 407 3857 461 3909">
     <span class='ocr_line' id='line_1_44' title="bbox 407 3857 461 3909; baseline 0.019 -1"><span class='ocrx_word' id='word_1_281' title='bbox 407 3857 461 3909; x_wconf 74' lang='lat'><strong>02</strong></span> 
     </span>
    </p>
   </div>
   <div class='ocr_carea' id='block_1_6' title="bbox 0 0 1086 4072">
    <p class='ocr_par' dir='ltr' id='par_1_12' title="bbox 0 0 1086 4072">
     <span class='ocr_line' id='line_1_45' title="bbox 0 0 1086 4072; baseline 0 0"><span class='ocrx_word' id='word_1_282' title='bbox 0 0 1086 4072; x_wconf 95' lang='lat' dir='ltr'><strong> </strong></span> 
     </span>
    </p>
   </div>
  </div>
 </body>
</html>
