2160 4072
319 39 365 73 ult
387 39 531 75 AU'I'IBUS
554 39 722 72 HUMANIS·
927 39 990 73 W&

49 171 174 235 ornatis
187 173 266 235 inter
278 173 352 235 talea
365 193 516 254 personas,
541 174 586 233 uti
599 174 657 234 late
672 173 786 234 dictum
800 181 845 235 eat
860 171 994 232 Numero

49 253 97 315 66.
112 262 132 289 “
143 255 183 314 de
190 255 412 315 Matrimonio.”
772 286 776 295 ·
979 296 983 302 -

87 335 226 396 Observa
248 335 325 394 hanc
348 334 483 412 regulam
506 333 698 411 generalemt
727 353 923 413 quaecumque
938 334 995 394 cir·

49 415 233 475 cumstantiae
243 415 275 474 in
288 416 417 495 peccatis
431 415 557 475 luxuriae
571 416 608 473 ab
622 434 684 474 nno
697 414 838 493 complice
852 413 993 493 explicari

49 495 160 556 debent
175 495 207 553 in
233 496 426 565 confessione,
450 495 569 555 easdem
591 506 710 554 tenetur
723 496 811 554 etiam
825 493 900 553 alter
913 514 993 554 com·

49 575 117 655 pler
129 576 306 654 exprimere,
316 577 374 635 uisi
388 576 554 654 ignorantia
568 585 700 657 excuset.
743 575 830 634 Ratio
843 584 897 646 est,
913 573 994 653 quod

49 667 175 733 uterque
193 657 356 717 consentiat
368 665 491 734 peccato
503 655 624 715 alterius
638 675 706 715 cum
721 655 781 714 suis
801 655 993 715 circumstan-

49 736 106 807 tiis,
120 746 152 795 et
165 736 247 815 quod
257 737 317 795 sint
326 747 466 795 mutuum
481 736 631 814 objectum
647 735 739 796 actis.

86 816 161 874 v11.
183 816 236 876 Ad
256 816 507 875 circumstantiam
531 823 551 849 “
565 815 663 894 quid''
685 816 838 892 pertinent
860 815 992 887 effectus,

49 914 107 965 uon
120 895 174 974 qui
188 897 391 966 essentialiter,
406 895 458 955 sed
472 895 524 974 qui
534 896 753 955 accidentaliter
768 917 804 956 ex
817 896 933 956 actione
947 916 993 956 se-

49 987 200 1055 quuntur:
215 977 266 1045 ita,
281 977 305 1035 si
320 997 357 1034 ex
371 977 451 1035 furto
464 976 654 1036 instrumenti
668 975 795 1056 alicujus
819 976 933 1055 opificis
947 997 992 1036 se·

49 1067 157 1134 ,quatur
171 1056 292 1135 aliquod
306 1057 458 1127 damnum,
474 1056 617 1115 damnum
627 1056 705 1115 illud
719 1068 763 1115 est
772 1057 994 1116 circumstantia
1017 1104 1020 1109 .

53 1138 103 1195 sub
117 1138 209 1196 classe
223 1145 243 1172 “
258 1137 361 1215 quid,'’
381 1156 545 1215 aggravans
568 1137 682 1195 furtum
697 1136 782 1195 istius
804 1137 993 1197 instrumenti

51 1216 195 1277 incudem
219 1217 327 1295 specie.

88 1299 206 1357 Damna
218 1297 318 1368 realia,
343 1308 377 1356 ut
390 1298 509 1361 lucrum
533 1317 649 1357 cessans
663 1308 715 1356 aut
735 1298 878 1355 damnum
897 1317 992 1357 emer-

49 1396 131 1455 gens,
140 1388 299 1456 paupertas
309 1388 360 1436 aut
374 1377 516 1437 desolatio
529 1377 659 1449 familiae,
673 1389 729 1436 etc.
744 1397 811 1450 quae
827 1388 992 1454 sequuntur

54 1475 85 1515 ex
107 1458 289 1518 detractione
315 1457 363 1516 vel
383 1457 552 1527 homicidio,
590 1469 659 1517 sunt
684 1457 911 1516 circumstantiae
936 1457 991 1516 sub

49 1537 137 1598 classe
165 1538 297 1618 “quid,”
310 1547 459 1597 mutantes
483 1538 613 1616 speciem
623 1562 633 1611 ;
660 1536 798 1598 scandala
817 1548 847 1596 et
862 1536 993 1614 denique

56 1631 383 1697 quecumqnepeccata,
405 1639 473 1696 quae
485 1639 521 1679 ex
535 1630 604 1678 actu
618 1618 696 1678 malo
710 1629 885 1696 sequuntur,
899 1619 991 1695 perti-

49 1710 119 1765 ¹riom
131 1699 170 1757 ad
181 1699 430 1758 circumstantiam
446 1705 466 1732 “
480 1698 582 1777 quid.”

87 1778 271 1849 Notandum,
294 1778 373 1856 quod
386 1777 507 1838 effectus
520 1777 590 1837 mali
603 1800 678 1859 quos
692 1777 759 1856 quis
772 1788 888 1856 poterat
898 1788 928 1836 et
939 1778 990 1838 de-

49 1856 305 1937 ·bebatpraevidere
315 1870 367 1917 aut
376 1860 481 1918 timere
492 1879 529 1918 ex
538 1859 654 1919 actione
665 1867 828 1927 secuturos,
839 1859 898 1917 sint
912 1878 991 1918 verae

49 1938 281 2010 circumstantiae,
303 1939 438 2017 quamvis
462 1960 516 2017 per
530 1939 666 1999 accidens
679 1959 740 1997 non
754 1949 934 2017 sequanturr
961 1951 992 1999 et

49 2015 96 2090 la,
110 2021 134 2078 si
148 2021 216 2099 quis
230 2021 261 2077 in
273 2020 414 2079 ebrietate
429 2019 532 2078 solitus
546 2020 637 2077 rixari
650 2030 703 2078 aut
715 2018 931 2097 blasphemare,
959 2039 990 2079 se

49 2101 208 2163 ‚voluntarie
222 2099 358 2170 inebriat,
380 2099 414 2158 fit
424 2120 494 2158 reus
514 2100 637 2158 istarum
659 2100 791 2159 rixarum
806 2109 836 2158 et
849 2097 987 2178 blasphe·

54 2181 178 2253 uiarum,
202 2180 274 2240 licet
284 2180 342 2238 hoc
353 2181 418 2239 vice
428 2199 489 2238 non
503 2180 616 2239 fuerint
630 2191 748 2239 secutae.

66 2341 99 2401 N.
122 2351 171 2410 77.
194 2335 253 2402 DE
275 2340 628 2402 CIRCUMSTANTIA
654 2339 732 2399 UBI
752 2342 831 2401 SEU
855 2338 965 2399 Locl.

49 2494 67 2558 l.
98 2501 318 2562 Circumstaatia
331 2502 384 2560 ubi
398 2500 531 2579 importat
545 2501 603 2560 loci
623 2499 796 2582 qualitatem.
839 2499 880 2559 II.
905 2496 988 2564 Quod

78 2581 261 2661 oitpublicut,
304 2581 363 2640 ΙΙΙ.
375 2581 432 2640 Aut
442 2601 531 2640 ancer.
576 2583 629 2641 lv.
643 2580 735 2638 Locao
748 2579 916 2638 aaceraddit
929 2578 988 2636 Sa·
1037 2589 1045 2597 '

76 2661 224 2740 critegiam
249 2659 370 2720 mortale.
412 2663 449 2720 V.
463 2660 667 2730 fornicationi,
681 2667 730 2717 etc.
770 2659 824 2716 Vl.
840 2659 911 2717 Item
924 2665 984 2716 toa-

77 2739 154 2798 tibua
176 2739 331 2818 impudicis,
374 2742 447 2800 VII.
472 2741 567 2801 Etiam
581 2739 685 2819 copulae
698 2738 849 2818 conjugali,
891 2738 983 2797 VIII.

77 2819 260 2890 Homicidiis,
302 2819 358 2878 IX.
386 2818 528 2880 Gravitas
548 2817 733 2887 immodestiis,
776 2820 814 2876 X.
839 2818 929 2876 Furto
942 2820 986 2876 rei

76 2896 118 2956 ibi
130 2897 270 2977 deposita.
301 2899 571 2978 ·X1.Eacipiaotur
590 2907 709 2978 peccata
724 2899 797 2956 meri
810 2897 930 2955 interna.

77 3053 189 3131 QUID
204 3058 345 3139 importat
352 3060 572 3120 circumstantia
584 3068 604 3095 “
617 3058 670 3120 ubi
679 3062 711 3120 ?”

76 3136 104 3196 1.
119 3141 158 3199 R.
167 3138 241 3199 Loci
258 3141 429 3220 qualitatem
442 3140 664 3211 accidentalem,
679 3142 717 3198 ob
732 3159 821 3218 qnam
832 3135 981 3206 convenit,

49 3217 85 3276 rel
98 3237 162 3278 non
173 3221 320 3293 convenit,
332 3221 422 3280 talem
430 3230 530 3279 actum
543 3223 575 3280 in
585 3222 638 3280 tali
648 3221 713 3280 loco
721 3218 841 3298 patrari.
862 3215 980 3293 Hujus-

49 3298 119 3359 nodi
138 3301 294 3379 qualitates
307 3313 388 3372 sunt,
412 3300 494 3380 quod
507 3302 588 3363 locus
610 3302 648 3360 sit
669 3320 750 3359 sacer
764 3298 812 3357 vel
825 3294 979 3374 profanus,

49 3379 178 3441 iublicus
192 3392 244 3439 aut
257 3382 398 3460 privatus.
1029 3448 1030 3452 ἵ

74 3460 120 3519 ΙΙ.
136 3461 299 3520 Publicitas
322 3461 381 3520 loci
401 3473 491 3538 auget
511 3471 632 3541 peccata
645 3460 677 3518 in
691 3460 804 3519 ratione
829 3455 977 3516 scandali:

49 3557 98 3617 [uo
121 3540 212 3600 modo
225 3542 361 3619 peccavit
381 3542 515 3602 Absalon
535 3541 730 3621 ingrediendo
748 3539 787 3598 ad
800 3538 980 3598 concubinas

49 3621 129 3682 »atris
140 3622 187 3682 sui
201 3643 299 3683 coram
313 3622 452 3683 universo
464 3623 564 3682 1srae1.
579 3632 607 3686 2.
621 3624 695 3703 Reg.
709 3641 774 3702 cap.
786 3620 835 3682 16.
848 3639 879 3680 v.
890 3626 942 3679 tt.
