2160 4072
6 130 10 138 ·
62 90 132 161 ,lae
203 173 206 176 Ι
442 106 642 153 τιιΑοωυε
676 104 686 145 .’

108 254 146 311 V.
160 254 195 312 R.
211 270 288 311 oum.
304 251 466 312 SnThoma
479 258 661 332 quaest.100.
676 261 731 309 art.
745 258 775 309 2.
789 250 904 327 negatis

68 335 126 413 ipsi
139 332 238 391 adhuc
249 351 373 411 peecare
386 333 519 411 potuisse
539 344 553 391 t
567 331 657 410 ;qnia
670 329 782 408 posteri
791 349 854 388 non
865 329 903 388 de

70 434 133 474 esse
146 413 277 472 melioris
291 411 468 472 conditionis
483 433 570 492 quarn
586 412 683 471 Adam
695 411 781 488 ipse3
802 411 864 467 imo
878 430 904 468 er

69 495 267 574 plurimorum
281 493 466 570 Angelorum
477 512 607 572 pronum
618 502 664 551 est
686 491 829 569 colligere
843 491 904 548 etia

70 576 160 635 rimos
174 573 308 633 homines
322 573 453 650 lapsores
469 574 571 632 fuisse.
890 615 892 619 -

113 656 166 713 VI.
184 656 285 713 Homo
304 653 474 730 baptizatus
494 675 554 712 non
567 651 734 711 restituitur
747 652 779 710 in
789 651 891 730 justiti

71 736 151 807 nali3
164 734 300 812 licetper
312 734 497 812 Baptismum
518 733 613 812 gratia
627 732 813 792 sanctificans
826 731 904 789 infui

74 817 145 895 quia
165 830 226 872 non
246 824 460 891 recuperantur
481 815 548 875 duae
573 812 751 891 posteriores
773 823 874 890 partes
892 814 904 891 j

73 894 236 973 originalis,
251 895 360 972 quibus
377 895 454 954 vires
467 895 622 954 inferiores
636 893 842 951 subdebantur
855 905 904 951 rat:

74 996 183 1054 corpus
201 974 326 1044 enimoe3
354 974 436 1034 unde
461 986 529 1054 post
549 967 737 1057 baptismum
751 984 904 1052 manentq

74 1055 327 1115 vulnereanimoe.
711 1059 714 1063 ’

117 1135 189 1214 Obj.
206 1137 241 1194 ln
257 1136 409 1212 Baptismo
427 1136 594 1195 restituitur
611 1135 714 1273 §rima
737 1133 895 1212 subjectio,

77 1217 204 1276 hominis
218 1215 257 1274 ad
272 1217 389 1275 Deum:
419 1216 501 1295 atqui
508 1218 597 1296 juxta
634 1214 763 1273 .Thom.
776 1225 904 1292 quaest!

79 1306 107 1355 1.
121 1295 153 1355 in
169 1296 254 1374 Corp.
269 1297 365 1374 prima
375 1296 520 1376 subjectio
534 1307 597 1356 erat
610 1300 698 1353 causa
711 1294 851 1353 secundae
875 1306 905 1353 et

78 1397 150 1455 ergo
164 1377 195 1434 in
209 1376 362 1454 Baptismo
374 1377 541 1436 restituitur
555 1387 616 1436 tota
626 1375 742 1453 justitia
751 1375 904 1453 originalis

43 1517 48 1525 ,
120 1460 155 1516 R.
184 1458 262 1534 Neg.
283 1473 402 1535 conseq.
427 1478 529 1516 sensus
545 1459 575 1516 S.
591 1455 698 1515 Thoin.
719 1474 780 1513 non
804 1466 858 1526 est,
881 1477 904 1537 q·

71 1537 176 1615 ‚priini
198 1536 382 1614 subjectione
402 1538 526 1616 physici
549 1538 700 1596 effluerent
724 1535 856 1595 secunda
876 1549 904 1594 et

5 1621 7 1625 ’
80 1615 270 1687 sedunum,
284 1617 365 1694 quod
378 1637 414 1676 ex
427 1620 524 1696 primi
535 1617 640 1677 morali
654 1615 743 1675 modo
760 1616 820 1674 sint
842 1636 904 1675 conr

79 1696 255 1775 inquantirm
268 1697 382 1757 scilicet
393 1717 486 1769 mens,
505 1698 590 1758 nullo
602 1696 790 1776 precedente
803 1708 904 1774 peccat

79 1778 156 1837 fecte
168 1778 235 1836 Deo
249 1777 381 1856 subjecta
395 1798 450 1836 sno
462 1779 551 1839 modo
564 1778 712 1856 exigebat,
726 1787 761 1835 ut
774 1776 854 1835 vires
865 1778 904 1834 inl

79 1858 137 1936 ipsi
151 1857 377 1936 subjicerentur,
393 1858 471 1919 sicut
482 1859 548 1938 ipsa
561 1858 772 1937 subjiciebatur
788 1859 864 1915 Deo.
892 1907 897 1913 .

122 1938 193 1996 VII.
209 1939 256 1997 Ex
270 1938 357 1997 dictis
370 1939 523 1999 refutatur·
532 1959 614 1998 error
629 1939 867 2016 Pelagianorum,
891 1959 904 2015 q

81 2039 163 2078 mum
177 2018 326 2077 hominem
337 2038 397 2077 non
410 2018 702 2097 habuissejnstitiam
715 2017 900 2094 originalem,

80 2099 165 2176 puris
185 2099 371 2158 naturalibus
395 2101 557 2169 conditum,
579 2100 902 2178 subjectumsconcupis

9 2188 11 2199 ’
81 2177 215 2247 miseriis,
237 2190 302 2237 eto.¹
322 2179 472 2253 volebant3
501 2181 679 2259 quibuscum
706 2197 788 2237 nune
808 2181 904 2237 nasein

82 2268 297 2335 consequenter
312 2257 459 2319 docebant
471 2280 526 2320 nos
539 2281 593 2338 per
604 2271 760 2338 peccatum
776 2260 887 2318 Adami
900 2281 904 2316 r

82 2337 210 2399 didisse:
224 2354 315 2397 error
327 2338 376 2398 hie
389 2340 422 2398 in
436 2341 526 2400 variis
540 2341 680 2400 Consiliis
694 2341 851 2399 damnatus
862 2352 904 2399 est

83 2419 203 2478 vissime
223 2419 255 2476 in
270 2418 353 2480 Trid.
370 2440 438 2479 sess.
454 2429 482 2482 5.
499 2441 560 2483 can.
578 2429 606 2481 2.
682 2427 685 2432 ’

126 2578 164 2638 N.
179 2583 228 2647 97.
272 2580 331 2640 DE
346 2581 555 2644 STATIBUS
578 2581 766 2642 NATURAE
778 2581 904 2640 HUMA

68 2793 78 2813 -.
87 2738 113 2800 1.
128 2737 185 2796 Seu
211 2748 312 2798 status·
328 2747 439 2798 παίωνας
462 2741 619 2806 inmunes
643 2742 685 2799 II.
714 2739 835 2800 Primus
855 2742 903 2800 ian

128 2817 188 2876 lll.
215 2817 362 2876 Secundus·
385 2827 495 2882 aaluroe
527 2820 623 2898 lopsoe.
677 2821 723 2880 lV
772 2821 887 2879 Tertius

124 2903 272 2974 reparate.
327 2899 366 2957 V.
399 2896 525 2965 Quartus
540 2901 657 2977 future
683 2901 754 2959 vitre.
802 2901 859 2959 VI.

123 2983 232 3037 παίωνα
245 2980 374 3058 integrm.
416 2978 489 3043 ¹VII.
503 2979 604 3038 Sextus
618 2988 727 3038 παίωνα
734 2999 826 3059 prun.

127 3136 151 3194 1.
167 3136 287 3210 QUOT
302 3136 429 3199 solenti
443 3137 785 3200 scholasticis-numerari
807 3151 901 3200 status

89 3217 258 3284 humanae..
414 3282 416 3286 ,

127 3296 170 3357 ΙΙ.
187 3297 221 3358 R.
243 3297 320 3360 Sex:
334 3298 449 3377 primus
462 3309 508 3359 est
520 3311 614 3360 status
621 3300 746 3378 justitiae
756 3300 904 3378 originalis

87 3384 106 3412 “
123 3389 217 3437 status
228 3377 432 3451 innocentioe,’'
452 3381 555 3459 inquo
569 3381 659 3440 creati
673 3393 743 3441 sunt
756 3392 904 3460 protoparr

127 3458 189 3517 Ill.
205 3487 212 3530 ⁴,
217 3458 378 3518 Secundus
397 3470 490 3519 status
512 3472 625 3521 naturae
652 3461 751 3540 lapse,
773 3463 825 3539 qni
840 3473 904 3521 ests

86 3548 199 3597 naturoe
225 3538 363 3599 humanoe
385 3561 441 3619 per
467 3553 622 3619 peccatum
636 3542 747 3603 Adami
760 3543 904 3621 justitiis

85 3616 219 3695 privates,
234 3631 264 3679 et
277 3619 308 3679 in
318 3621 504 3682 naturalibus
516 3624 686 3684 vulneratae.
718 3624 755 3683 ln
768 3623 826 3684 hoc
840 3634 904 3684 stau

75 3715 148 3758 mur
158 3709 191 3760 et
200 3719 306 3764 sumus
318 3712 390 3764 ante
404 3702 595 3786 Baptismum
