2160 4072
116 102 158 170 tl
484 120 685 166 renouatus

156 267 337 340 Secundum,
347 266 591 328 misericordiam

115 351 216 410 lectio:
224 349 265 408 ita
277 349 306 408 S.
321 349 401 426 Aug.
412 347 587 428 juxta-illud
598 286 735 408 iianhoei
743 355 849 429 capu.
860 368 890 407 v.
898 353 928 414 7.
944 357 965 383 “
975 350 1026 411 Bu

117 428 369 491 “misericordem
385 429 457 488 item
470 446 501 487 v.
515 434 564 488 44.
579 427 707 507 Diligite
721 426 858 489 inimicos
873 430 1013 490 vesnos'

9 521 13 527 ·
157 508 303 577 Tertium,
317 511 403 568 bonae
415 509 484 569 vita
497 509 641 568 decursus
654 508 1026 584 acbonseconsciantiaetn

115 592 283 662 timonium,
294 590 382 669 juxta
394 588 473 648 illud
491 590 521 650 S.
536 589 718 669 Augustini:
744 588 884 664 “Qualis
894 588 967 662 vita,
988 588 1026 665 fl.

116 671 185 732 itas„

156 753 316 826 Quartum,
328 749 455 810 libenter
465 750 569 810 audire
579 751 706 809 verbum
716 749 786 822 Dei,
805 750 966 810 mamarel
1021 706 1026 753 i

114 851 185 891 nem
194 833 313 911 piorum
326 830 482 903 librorum,
496 850 531 890 ac
541 849 609 891 cnm
620 829 732 908 gaudio
746 831 900 909 suscipere
912 750 1026 1233 ἔ

639 284 757 346 speres,
763 277 798 327 et
809 266 1026 329 inimicumne

115 932 186 973 ones
194 924 224 971 et
237 910 470 972 admonitiones:
484 911 527 970 ita
537 911 590 971 SS.
601 909 727 988 Gregor.
738 920 769 970 et
777 912 866 971 Bern-
878 910 966 990 juxta

115 994 202 1053 loan.
217 1012 282 1070 cap.
294 998 341 1053 10.
351 1011 380 1049 v.
392 999 441 1060 27.
457 999 477 1026 “
485 992 568 1052 Oves
580 1009 653 1069 meu
663 1008 767 1050 vocem
779 1009 876 1051 meam
887 990 958 1052 audi
1007 1026 1010 1031 ·

115 1084 145 1134 et
155 1073 232 1133 illud
242 1073 329 1133 Joan.
340 1091 365 1130 c.
379 1079 406 1131 8.
417 1093 445 1131 v.
457 1080 506 1139 47.
519 1070 727 1138 “Quiecho
736 1072 977 1141 est‚verbaDeia

154 1153 313 1226 Quintum,
341 1152 499 1230 singularis
520 1151 640 1211 devotio
664 1170 737 1231 erga
755 1153 878 1213 Beatam
899 1152 981 1212 vr·

116 1234 261 1293 Mariam:
291 1242 473 1311 quapropter
495 1233 522 1291 ei
544 1232 678 1307 Ecclesia
701 1231 833 1315 applicat
855 1232 889 1292 in
903 1248 1026 1311 sensuro

115 1312 271 1407 commodo
280 1312 358 1408 illud
374 1313 463 1374 Prov.
478 1332 543 1407 cap.
558 1319 586 1373 8.
600 1332 631 1373 v.
645 1319 695 1374 35.
717 1319 739 1347 “
752 1309 815 1408 Qui
825 1332 876 1373 me
895 1310 1026 1409 invencr'q

114 1393 247 1453 mveniet
259 1403 351 1452 vitam
365 1404 397 1452 et
408 1392 526 1453 hauriet
539 1393 665 1453 salutem
678 1395 697 1451 l
712 1393 852 1452 Domino.
929 1412 1026 1641 y&

155 1473 268 1534 Verum
280 1473 331 1533 ille
341 1474 421 1533 solus
428 1474 555 1534 habetur
565 1474 669 1533 Maria
679 1472 781 1545 cliens,
790 1473 844 1553 qui
853 1473 920 1555 ejus

113 1555 224 1696 inimi
235 1554 343 1614 studet.
362 1552 931 1629 HaeclatiisdeducuuturabAlvarea,
1012 1616 1016 1627 ,

116 1780 155 1838 Ν.
170 1784 219 1837 52.
233 1780 293 1839 DE
317 1778 582 1841 EFFECTIBUS
604 1770 1026 1885 PRAEDESTINfflorr-lq'

112 1923 135 1981 Ι.
151 1921 280 2002 Effectus
290 1922 556 2002 praedestinationis.
578 1925 621 1985 11.
646 1924 720 1984 Tres
728 1923 875 2016 speciales.
910 1923 970 1983 111.
990 1920 1026 1983 Va

149 2003 231 2062 eain.
273 2005 327 2064 1v.
338 2002 521 2078 aurificata.
560 2007 600 2064 v.
621 2002 663 2062 n
694 2003 851 2076 mauro.
906 2005 962 2065 v1.
980 1988 1026 2065 nd

148 2081 254 2140 ruralia
267 2082 421 2144 secandam
433 2101 464 2140 sc
486 2103 540 2144 noa
562 2091 627 2144 aaut
648 2025 764 2164 effectus
781 2078 1026 2163 prassinam

150 2160 223 2219 Vll.
238 2161 390 2223 Peccatum
404 2183 456 2222 aon
470 2171 511 2222 est
523 2165 640 2245 effectas
647 2162 913 2240 predestinationis.
954 2158 1026 2223 Vlffl

149 2237 208 2298 Sed
219 2239 286 2300 bene
297 2242 443 2320 permissio
451 2245 569 2321 peccati.
611 2243 669 2302 IX.
680 2241 752 2300 Item
770 2261 856 2320 pono
868 2245 985 2322 proculi.
1015 2238 1026 2301 l

1016 2324 1026 2353 il

149 2384 260 2458 QUID
275 2397 321 2445 est
330 2386 452 2446 effectus
464 2385 754 2465 praedestinationis?
1018 2400 1021 2467 j

150 2465 175 2522 1.
191 2467 226 2525 R.
243 2466 342 2527 Omne
354 2467 397 2538 id,
426 2467 508 2545 qnod
518 2467 705 2528 ordinaturi
727 2466 802 2536 Deo,
830 2484 869 2524 ex
881 2467 985 2528 inten'

108 2545 217 2604 efficaci
241 2545 332 2606 dandi
354 2549 491 2624 gloriam,
515 2548 603 2608 acad
626 2547 692 2628 ejus
716 2476 1026 2615 consecutionemi:

108 2625 258 2696 conducit,
270 2627 729 2700 siveilludsitordinisnaturalis,
737 2627 798 2686 sive
803 2626 1026 2705 supernatural‘fl'

149 2704 192 2763 II.
206 2705 339 2768 Effectus
347 2708 488 2788 speciales
496 2719 558 2769 tres
568 2718 761 2769 numerantur
771 2730 779 2766 ε
790 2726 910 2786 nempe,
920 2707 1009 2769 vocati

104 2785 286 2863 justificatio,
315 2799 346 2848 et
368 2788 555 2868 glorificatio,
589 2788 780 2849 conformiter
806 2787 844 2845 ad
872 2792 979 2867 Apost.
1002 2726 1026 2847 ri

108 2865 193 2925 Rom.
208 2886 272 2946 cap.
287 2875 314 2928 8.
326 2889 354 2928 v.
369 2878 418 2930 30.
432 2876 453 2903 “
467 2870 551 2944 Quos
564 2868 795 2949 praedestinavit,
809 2867 865 2927 hos
873 2868 1026 2930 etvocavitr

107 2956 137 3003 et
149 2953 168 2979 ‘·'
181 2967 255 3024 quos
268 2950 394 3021 vocavit,
408 2949 463 3009 hos
473 2960 504 3010 et
512 2949 707 3028 justificavitr
734 2968 812 3027 quos
824 2960 926 3009 autem
936 2946 1026 3030 justit

109 3032 129 3058 “
142 3028 230 3096 cavit,
250 3027 317 3089 illos
329 3039 360 3089 et
371 3029 576 3109 glorificavit''

147 3108 249 3182 Quare
261 3108 306 3167 illi
318 3121 379 3169 tres
387 3110 508 3171 effectus
518 3110 661 3171 dicuntur
677 3108 818 3189 speciales
830 3113 843 3168 r

147 3189 182 3247 R.
198 3188 277 3262 Quia
286 3187 325 3249 ad
337 3189 406 3251 illos
419 3193 517 3253 crateri
530 3210 633 3251 omnes
646 3188 778 3251 revocari
789 3200 925 3268 possunt.

147 3267 208 3328 ΙΙΙ.
222 3269 278 3329 Per
288 3271 470 3332 vocationem
482 3271 661 3350 intelligitur
670 3269 786 3331 vocatio
796 3269 1026 3330 efficaxadfideu

106 3352 299 3423 catholicam,
313 3351 351 3411 ad
366 3372 456 3431 quam
470 3363 606 3432 spectant
617 3350 788 3429 pradicatio
803 3350 971 3428 Evangelii,
990 3366 1026 3408 en

105 3430 294 3501 hortationes,
319 3432 471 3505 miracula,
492 3435 578 3493 bonae
590 3431 809 3511 inspirationes,
832 3429 1026 3492 illustratione

105 3513 281 3581 intellectis,
296 3523 352 3571 etc.

145 3592 198 3650 IV.
214 3595 264 3652 Ad
276 3590 520 3668 justificationem
533 3603 711 3654 revocantur
724 3589 823 3651 omnia
836 3590 917 3652 dona
929 3588 1026 3672 gratian

98 3692 168 3746 quac
186 3673 282 3752 ipsam
307 3684 531 3753 consequuntur
551 3693 647 3753 usque
664 3672 807 3732 adfinem
819 3671 899 3744 vitre,
926 3683 960 3732 ut
972 3675 1026 3731 sunl

81 3770 178 3828 opera
188 3755 359 3830 meritoria,
370 3755 485 3818 auxilia
499 3752 739 3838 supernaturalia
745 3762 779 3811 et
785 3746 1026 3830 isnulisiniustitit

62 3847 264 3904 perseverari
269 3840 322 3902 tia.
