2152 4066
377 73 379 77 ¹
401 110 464 185 ,na
478 106 651 161 saccaria
921 78 984 164 ali

72 258 226 339 Diciturr
239 256 376 319 “affectu
386 259 515 339 simplici
525 269 557 320 et
565 258 708 322 inefficaci
718 262 748 336 ;''
756 260 829 342 quia
837 260 863 323 si
872 258 988 325 deside·

58 349 125 399 dur
135 339 303 410 efficaciter,
317 339 359 399 its
380 349 415 399 ut
427 358 465 399 ex
479 339 627 400 desiderio
639 340 767 420 pollutio
779 350 926 416 camur,
940 344 989 404 vel

58 419 151 492 ledia,
166 429 201 479 ut
213 420 340 492 eveniat,
361 418 570 492 adhibeantur,
592 431 707 482 artum
721 432 766 482 est
774 422 863 503 Juxta
875 442 989 498 omncs,

58 499 123 559 udd
136 501 178 561 sit
188 511 344 579 peecatum
357 500 491 561 mortale.

78 580 173 641 Ratio
185 581 291 640 borum
305 579 478 640 Authorum
492 590 548 653 eet,
567 580 648 660 qubd
661 580 789 661 pollutio
800 582 883 643 merl
899 594 987 646 natu·

58 658 114 719 alis
125 672 158 721 et
167 661 366 722 involuntaria
378 660 464 720 nullo
473 661 542 740 jure
548 661 763 741 prohibeatur3
779 662 845 721 cim
855 663 893 724 sit
901 664 988 726 effec-

58 759 90 799 ιε
105 745 187 801 merl
199 740 352 813 naturalis,
367 761 421 801 seu
439 760 523 801 mera
534 751 648 801 naturus
661 741 824 813 evacuatio,
838 753 873 802 ut
887 744 989 819 sudor,

58 820 147 894 diva,
159 833 214 882 eto.
225 847 236 896 3
249 842 285 883 ac
298 822 426 902 proinde
442 821 604 900 nequidem
617 821 809 882 materialiter
822 842 875 882 seu
888 824 988 904 objec.

58 901 103 963 ivd
115 903 215 975 mele3
236 904 316 964 unde
325 902 406 963 illam
417 913 452 962 ut
465 902 555 963 talem
565 902 756 964 inefficaciter
767 901 855 975 velle,
868 922 930 963 non
943 916 989 967 est

58 992 209 1045 euenum

81 1063 181 1125 Aliud
190 1075 246 1136 est,
258 1064 411 1143 inquiunt,
422 1062 462 1123 de
474 1062 646 1137 homicidio,
660 1064 815 1135 ebrietate,
833 1072 890 1125 etc.
903 1063 988 1126 invo-

58 1144 173 1207 nntarle
191 1144 364 1215 commissis,
389 1142 460 1223 quia
479 1143 523 1202 illi
544 1155 631 1204 ectus
651 1163 713 1204 non
726 1154 795 1205 sunt
807 1148 887 1205 merl
900 1156 988 1206 natu·

58 1223 131 1296 ales,
147 1224 201 1284 sed
213 1224 297 1297 dese
309 1225 463 1304 postulant
480 1222 545 1283 tisri
558 1224 661 1296 libert,
675 1235 806 1365 suntque
814 1222 885 1307 jure
901 1236 988 1287 natu·

58 1304 251 1384 seprobibiti,
260 1314 433 1375 comment,
444 1304 581 1383 quamvis
610 1306 749 1385 ropterin
771 1304 990 1383 eliberationem

58 1395 237 1458 incusentur,
250 1385 397 1467 objective
410 1384 499 1448 malis
517 1324 641 1447 asedec
654 1384 813 1447 delectatio
825 1384 989 1449 deliberata

58 1465 126 1525 circa
138 1465 190 1526 illa
203 1486 320 1546 semper
333 1477 378 1525 est
387 1464 473 1525 mula

87 1547 213 1607 Probae
226 1547 373 1607 sententia
386 1544 475 1604 etiam
488 1544 571 1614 iacit,
586 1545 669 1625 qndd
683 1547 713 1607 S.
725 1546 832 1608 Thom.
846 1545 879 1604 in
889 1553 917 1606 4.
926 1545 986 1606 dis·

58 1626 131 1686 tinet
157 1636 188 1698 9.
212 1638 316 1706 quast.
341 1636 368 1687 1.
388 1636 443 1687 art.
465 1633 495 1685 4.
517 1626 557 1685 sd
579 1634 607 1688 5.
631 1626 671 1685 de
689 1626 864 1706 pollutione,
877 1646 944 1705 qua
958 1627 990 1686 in

58 1709 159 1767 somma
172 1709 304 1779 obvenit,
317 1708 416 1767 dicat:
432 1714 453 1744 ‘⁸
462 1707 494 1766 Si
502 1717 603 1766 autem
614 1706 733 1786 placeat
745 1717 781 1768 ut
791 1717 908 1767 natura
920 1726 990 1767 exo·

58 1790 199 1848 “naratio
210 1788 260 1848 vel
269 1788 428 1858 alleviatio,
437 1798 596 1866 peccatum
609 1806 670 1846 non
679 1787 839 1849 crediturl'

89 1864 315 1947 ILOppositum
323 1878 426 1928 tenent
435 1866 566 1947 Sylvius,
578 1869 699 1939 Hanno,
708 1868 850 1941 Connina,
860 1867 972 1947 aliique
978 1893 989 1945 3
1005 1910 1008 1914 »

58 1949 160 2026 quibus
187 1949 287 2008 favere
313 1948 433 2008 videtur
456 1948 604 2007 damnatio
628 1948 841 2028 propositionis
868 1947 990 2008 decima

58 2030 144 2088 tertiae
162 2031 242 2089 inter
262 2030 414 2108 sexaginta
434 2030 568 2107 quinque
587 2029 625 2088 ab
647 2028 822 2088 Innocentio
836 2028 990 2107 X1.pros-

58 2111 180 2188 criptas:
203 2118 222 2145 ‘⁶
238 2111 270 2170 Si
279 2129 346 2169 cum
355 2109 456 2169 debita
464 2108 665 2168 moderatione
674 2109 774 2171 facias.
784 2119 868 2188 potes
880 2109 992 2187 absque

58 2198 205 2268 '‘peccato
224 2191 342 2250 mortali
362 2189 400 2249 de
420 2191 482 2249 vita
500 2189 626 2268 alicujus
646 2190 767 2261 tristari,
794 2199 825 2249 et
848 2188 887 2248 de
912 2187 992 2248 illius

61 2280 179 2330 ‘morte
191 2272 320 2331 naturali
330 2270 471 2349 gaudere,
485 2269 568 2328 illam
581 2269 723 2329 inefficaci
736 2268 843 2329 affectu
850 2278 953 2348 petere
960 2280 990 2328 et

58 2359 69 2384 '‘
80 2351 262 2424 desiderare,
275 2371 336 2411 non
350 2350 472 2431 quidem
486 2370 523 2409 ex
538 2349 725 2428 displicentia
734 2368 877 2429 persona,
888 2349 941 2407 sed
955 2351 993 2409 ob

61 2431 206 2510 ‘aliquod
220 2431 384 2512 temporale
397 2430 657 2491 emolumentum?
678 2430 710 2490 Si
724 2429 802 2488 enim
816 2448 872 2488 nec
885 2428 990 2489 affectu

58 2513 181 2591 simplici
194 2513 282 2573 licen
289 2512 456 2572 desiderare
466 2521 591 2569 mortem
601 2509 767 2569 naturalem
790 2509 921 2581 alterius,
942 2521 994 2569 aut

58 2591 88 2651 le
121 2614 156 2652 ea
189 2593 330 2672 gaudere,
358 2612 414 2652 nec
434 2591 476 2651 sic
506 2590 608 2650 licebit
634 2589 802 2650 desiderare
828 2589 994 2650 naturalem

58 2673 263 2751 pollutionem,
277 2685 330 2734 aut
339 2673 379 2733 de
392 2693 428 2733 ea
440 2671 581 2751 gaudere.

93 2753 146 2815 Ad
165 2755 231 2814 haec
251 2755 350 2814 iterim
369 2752 489 2832 patroni
510 2751 618 2830 prioris
632 2750 784 2811 sententia
803 2748 995 2831 respondent,

58 2833 124 2893 ideo
136 2835 273 2895 illicitum
288 2855 352 2895 esse
365 2833 506 2893 delectari
519 2832 558 2891 de
577 2841 672 2891 morte
681 2831 803 2893 alterius
822 2833 861 2891 ob
875 2830 996 2908 aliquod

58 2916 467 2994 temporaleemolumentum3
478 2912 816 2992 quiamorsestomninm
821 2911 996 2971 damnorum

58 2996 276 3072 gravissimum,
290 2997 343 3058 ubi
357 2994 483 3075 pollutio
492 2992 633 3052 naturalis
646 2993 694 3052 vel
706 2991 835 3064 nullum,
848 2992 895 3051 vel
912 2990 999 3050 valde

58 3075 123 3135 leve
132 3075 225 3135 infert
234 3087 455 3147 nocumentum,
465 3073 547 3153 quod
558 3073 643 3135 facile
654 3073 761 3132 affectu
770 3073 850 3132 bono
859 3090 998 3149 compen-

58 3164 159 3217 amr:
174 3156 265 3227 unde,
279 3158 431 3237 inquiunt,
445 3157 470 3215 si
484 3155 606 3215 effectus
613 3154 711 3213 bonus
719 3173 754 3213 ex
764 3164 860 3212 morte
870 3150 999 3210 naturali

58 3247 189 3306 mutus,
201 3249 321 3316 superet
334 3236 445 3295 malum
459 3236 571 3306 mortis,
593 3245 628 3292 ut
648 3235 673 3293 si
686 3254 723 3293 ex
737 3252 772 3292 ea
785 3241 927 3311 sequatur
939 3251 999 3309 pax

61 3316 245 3395 Reipublicae
256 3328 309 3377 aut
320 3317 492 3394 Religionis,
505 3314 595 3394 plone
605 3313 694 3374 liceat
704 3313 743 3372 de
755 3313 808 3372 tali
817 3323 913 3371 morte
925 3330 999 3388 gau-

60 3396 141 3467 dere,
151 3416 277 3476 eamque
290 3400 329 3459 ob
342 3398 414 3456 istos
427 3397 500 3456 fines
513 3396 700 3454 inefficaciter
714 3393 890 3464 desiderare,
904 3410 1003 3469 neque

61 3477 103 3535 aia
122 3476 320 3537 desiderando
338 3497 525 3539 censeremur
545 3475 766 3552 interpretativa
787 3472 864 3532 velle
875 3481 1002 3531 mortem

61 3556 118 3617 sub
130 3557 247 3617 ratione
260 3559 362 3618 damni
376 3567 428 3617 aut
441 3557 511 3616 mali
525 3556 662 3636 proximi.

101 3636 166 3711 111.
180 3639 340 3719 Quidquid
353 3638 401 3710 sit,
415 3639 615 3716 periculosum
625 3648 670 3696 est
677 3635 808 3716 priorem
818 3632 1003 3703 sententiam,

60 3718 178 3775 mmetsi
188 3722 268 3777 cetto
278 3718 477 3797 probabilem,
492 3720 533 3780 ad
545 3718 667 3800 praxim
678 3716 848 3780 reducere·-
860 3725 933 3774 tum
944 3713 1028 3800 quia¹
1048 3775 1053 3781 ,

58 3794 100 3849 n'x
107 3794 182 3852 am'ti
189 3808 302 3873 potest,
316 3819 358 3859 an
369 3799 506 3880 pollutio
529 3806 543 3865 i
559 3802 625 3864 solu
639 3813 674 3864 et
692 3821 781 3863 mera
794 3818 892 3861 causa
900 3789 1044 3855 ussurus
