2160 4072
325 146 329 154 ·
430 124 634 169 TEACTATUS

390 392 612 484 QUAESTIO
637 405 685 470 11.

388 581 454 657 DE
478 590 682 656 FINIBUS.

433 768 618 787 nul—n—uon-nn

227 886 266 944 N.
280 893 309 945 Q.
340 887 399 947 DE
415 886 709 949 DEanTloNE
724 883 851 944 FINIS.

377 1049 408 1109 8.
427 1048 528 1109 Thom.
548 1055 646 1128 quoest.
669 1053 695 1103 1.

70 1207 96 1264 1.
125 1203 261 1284 Definitio
289 1206 369 1280 finis.
411 1208 453 1266 11.
485 1208 560 1286 Ejus
579 1205 687 1265 divisio.
731 1207 793 1264 111.
822 1203 935 1281 Explica

479 1287 609 1346 mensbru.

109 1444 199 1505 FINI
203 1446 223 1506 S
237 1443 286 1505 vel
300 1445 428 1505 sumitur
437 1466 495 1525 puo
506 1447 551 1506 rei
561 1444 688 1525 alicujus
697 1444 836 1513 termino,
849 1463 912 1520 quo
924 1462 935 1501 s

67 1546 147 1585 mors
160 1537 205 1585 est
215 1525 283 1584 finis
297 1523 384 1599 vitoe3
405 1527 454 1586 vel
468 1527 596 1586 sumitur
605 1527 759 1604 probono,
772 1524 806 1583 in
821 1523 905 1603 quod
916 1533 935 1581 n

67 1626 169 1684 agens,
179 1619 213 1666 ut
223 1605 299 1664 illud
309 1616 494 1685 assequatur,
506 1620 536 1668 et
546 1628 607 1686 quo
615 1607 739 1665 obtento
748 1617 845 1664 cesset
854 1605 935 1682 ejuss

69 1699 99 1745 et
112 1687 155 1745 ita
168 1686 217 1745 hio
230 1685 385 1763 accipitur,
399 1686 567 1766 diciturque
590 1688 788 1747 humanorum
809 1685 935 1763 operatio

70 1766 251 1845 principium
261 1765 293 1823 in
303 1765 478 1838 intentione,
492 1781 523 1830 et
536 1767 681 1830 terminus
694 1766 726 1823 in
740 1765 923 1824 executione.

109 1845 194 1921 Quid
207 1857 253 1906 est
263 1845 352 1906 finis?
548 1853 549 1856 ’

111 1928 136 1985 Ι.
152 1928 187 1987 R.
203 1929 259 1986 Est
272 1926 314 1997 id,
329 1927 418 2006 eujus
430 1928 527 2006 gratio
542 1927 657 2007 aliquid
670 1927 712 1987 fin
812 1924 817 1933 ’

109 2006 269 2080 Quomodo
284 2007 429 2066 dividitur
444 2008 534 2069 finis?

111 2089 155 2147 11.
171 2090 206 2146 R.
223 2088 261 2147 1⁰.
276 2089 308 2146 iu
331 2087 421 2146 finem
443 2089 587 2168 “eujus’'
609 2088 698 2147 finem
723 2091 842 2165 “quo''
872 2096 902 2144 et
924 2083 935 2139 i

71 2168 179 2226 “cui’'

108 2247 150 2308 2⁰.
173 2248 211 2306 In
225 2247 315 2307 finem
329 2255 350 2281 “
360 2249 458 2325 operis
465 2251 482 2273 ⁸³
494 2259 525 2308 et
538 2247 627 2307 finem
643 2256 664 2283 “
675 2247 854 2326 operantis.”

109 2327 150 2386 3⁰.
167 2328 203 2386 In
217 2328 307 2387 finem
322 2333 342 2361 “
356 2328 496 2388 ultimum
506 2330 523 2352 ”
537 2339 568 2387 et
580 2329 669 2389 finem
683 2336 704 2362 “
718 2347 780 2386 non
794 2324 935 2384 ultimum·

109 2407 193 2467 Finis
206 2408 330 2470 ultimus
340 2409 509 2468 subdivitur
525 2407 565 2468 1⁰.
594 2410 625 2468 in
650 2409 738 2468 finem
760 2406 929 2465 “ultimum

69 2497 89 2524 “
104 2487 223 2568 pliciter
236 2499 267 2548 et
280 2488 421 2548 ultimum
432 2487 593 2550 secundum
605 2490 706 2567 quid-’³

110 2569 152 2631 2⁰.
167 2571 204 2629 Iu
219 2568 308 2630 finem
323 2569 483 2629 “ultimum
506 2569 633 2647 actionis
642 2569 658 2592 ''
682 2579 712 2628 et
725 2569 816 2627 finem
841 2576 861 2600 “
876 2563 935 2624 ulti

72 2660 90 2685 ‘⁶
103 2650 259 2710 hominis.”

112 2731 171 2789 ΙΙΙ.
188 2730 271 2790 Finis
286 2739 306 2766 “
317 2731 404 2810 cujus
414 2733 430 2753 ’¹
452 2741 498 2789 est
507 2731 573 2808 ipsa
586 2751 643 2800 res,
658 2750 747 2808 quam
761 2749 818 2807 per
832 2727 930 2787 medie

71 2812 156 2950 squi
170 2811 363 2904 intendimus,
373 2821 404 2870 et
418 2821 541 2870 vocatur
555 2811 642 2871 etiam
657 2811 724 2869 finis
738 2816 759 2844 “
769 2800 851 2887 qui,'’
866 2809 932 2868 item

73 2901 91 2926 “
107 2913 125 2950 o
159 2895 300 2951 eonvus.”

112 2913 195 3030 Finis
215 2980 235 3008 “
247 2992 305 3049 quo
313 2974 329 2996 '¹
344 2983 389 3031 est
403 2971 521 3049 ipsarei
535 2971 714 3040 consecutio,
729 2990 779 3028 seu
788 2969 935 3048 possessio

71 3053 210 3131 objectivi
223 3077 230 3112 ε
253 3063 376 3112 vocatur
389 3052 478 3112 etiam
492 3053 559 3112 finis
572 3051 714 3111 formulis.

112 3133 196 3192 Finis
210 3140 231 3167 ‘⁸
242 3134 314 3193 cui''
337 3144 383 3193 est
406 3133 593 3212 suppositum
605 3131 652 3190 vel
665 3151 803 3209 persone,
819 3133 867 3192 oui
883 3130 932 3189 illa

72 3214 162 3274 sessio
176 3214 336 3293 appetitur.

107 3290 196 3356 Finis
210 3303 231 3329 “
246 3294 345 3374 operis
352 3296 368 3318 ''
394 3293 447 3352 ille
461 3304 514 3364 est,
532 3293 570 3352 ad
585 3312 674 3370 quem
688 3313 764 3370 opus
785 3313 821 3352 ex
835 3297 935 3351 netur!

71 3376 245 3514 ordinatum
260 3384 382 3435 vocetur
394 3375 483 3434 etiam
498 3375 564 3433 finis
579 3382 597 3408 ‘·
608 3373 787 3433 intrinsecus
795 3376 811 3396 ”
826 3372 875 3432 vel
887 3382 935 3431 “e

73 3465 92 3490 “
107 3454 212 3515 tiais.''

112 3536 195 3595 Finis
224 3545 243 3573 “
257 3535 406 3616 operantis
416 3537 432 3560 ''
455 3548 509 3605 est,
530 3534 570 3593 ud
583 3553 670 3612 quem
684 3553 810 3611 operans
823 3534 935 3594 referta

68 3625 90 3691 .“
100 3636 185 3693 opus,
203 3619 266 3678 sive
274 3637 363 3697 quem
373 3634 498 3695 operans
511 3614 658 3687 intendit‚·
684 3625 715 3673 et
727 3615 816 3674 etiam
828 3613 935 3674 dicitur

66 3705 89 3730 “
101 3697 288 3761 extrinsecus
299 3700 315 3722 ”
330 3696 378 3759 vel
393 3705 413 3732 ‘¹
429 3694 645 3757 accidentalis?
686 3755 691 3764 ,
