2160 4072
97 89 163 154 254
326 74 328 78 ὗ
468 107 671 155 rnacrarns

97 253 247 313 ordinaria
254 273 315 313 non
325 252 576 332 debentexprimi‚
585 252 653 314 crim
663 273 724 314 non
734 253 923 316 babeantdist

96 333 241 394 malitiam
250 337 288 394 ab
297 356 387 414 opere
398 335 543 405 secuto,in
554 336 923 414 quoexpressosubintelli

99 494 120 553 d
138 417 188 474 An
202 415 300 476 media
322 415 374 474 illo
395 413 553 486 ordinaria,
578 426 668 494 opere
691 414 754 475 noir
776 428 888 487 secuto,
916 439 923 476 a

121 496 230 554 ebent?

117 576 175 650 „R.
191 575 386 646 Affirmative,
399 594 455 637 nec
469 575 592 636 satisest
603 575 722 638 dicere:
736 577 831 637 habui
845 572 923 637 anim

98 675 174 734 opus
187 656 300 714 malum
313 657 461 733 patrandi,
481 657 535 716 sed
547 657 670 737 insuper
682 657 784 719 dicere
797 658 890 717 debet
909 679 924 716 e

98 746 221 794 conatus
234 735 327 795 fuisse
335 736 501 797 adhibitos:
517 738 588 814 quia
597 738 695 797 media
708 738 760 798 illa
774 749 846 798 sunt
860 758 923 816 pec«

11 871 14 889 ,
93 818 183 875 'terna
195 815 234 874 de
248 835 279 874 se
290 815 339 875 vel
353 836 390 876 ex
404 815 463 875 fine
477 817 641 876 mortaliter
653 819 737 891 mala,
762 838 830 899 quae
845 818 878 876 in
890 839 923 878 nr

98 895 306 974 exprimuntur
319 907 372 956 aut
385 897 661 976 subintelliguntur.

158 1058 199 1115 N.
214 1064 263 1128 79.
305 1056 363 1115 DE
386 1056 740 1139 CIRCUMSTANTIA
762 1057 923 1126 QUOMn

100 1216 124 1275 Ι.
139 1159 299 1292 ῥυοιηοάο
312 1217 459 1298 significat
472 1215 592 1289 modum.
633 1219 677 1279 ΙΙ.
691 1217 832 1299 Diffierti
849 1219 923 1296 quib

137 1297 206 1357 iliis.
249 1299 311 1359 III.
326 1297 432 1356 Modus
446 1295 604 1356 intentionis
613 1306 640 1357 et
653 1297 832 1358 remissionis.
879 1299 922 1358 lV

138 1377 282 1438 ariminus
294 1375 490 1453 voluntarium.
531 1378 569 1435 V.
590 1376 674 1436 Modi
686 1377 864 1455 οοορεναηᾶἑ.

139 1494 250 1609 QUID
261 1538 401 1614 importat
415 1534 636 1595 circumstantia
650 1543 670 1571 “
684 1534 835 1612 quomodo
846 1538 859 1594 i
870 1538 886 1560 ’⁸

141 1617 167 1676 Ι.
184 1620 220 1676 R.
233 1616 389 1696 Significat
402 1615 523 1673 modum
538 1616 667 1694 aliquem
687 1615 900 1676 occidentalem
921 1645 923 1674 ;

100 1698 152 1775 qui
167 1697 206 1755 ad
219 1696 343 1756 actionis
356 1696 515 1754 bonitatem
530 1696 579 1755 vel
597 1695 740 1754 malitiam
753 1697 905 1757 conducit.

141 1777 178 1835 In
192 1797 253 1854 quo
267 1777 365 1835 differt
389 1775 453 1834 haec
467 1776 689 1836 circumstantia
716 1783 737 1811 “
751 1779 903 1854 quomodo
913 1782 923 1802 '¹

100 1857 278 1916 cumstantia
288 1864 310 1893 “
320 1856 429 1934 quibus
442 1856 582 1915 auxiliis?
594 1854 610 1880 '‘
713 1852 716 1855 Δ

140 1938 182 1996 ΙΙ.
196 1940 231 1997 R.
244 1939 281 1997 In
294 1958 339 2008 eo,
353 1935 432 2015 qubd
446 1936 669 1995 circumstantia
690 1943 710 1970 “
721 1937 874 2015 quomodo
884 1938 923 1996 ”d

98 2019 220 2077 modum
234 2019 373 2095 aliquem,
399 2037 459 2094 quo
472 2017 549 2075 actio
562 2019 658 2095 posita
671 2026 714 2076 est
726 2039 736 2088 3
759 2018 813 2075 ubi
824 2020 923 2077 circun

100 2106 119 2132 “
133 2100 243 2176 quibus
257 2098 379 2157 auxilis''
401 2098 537 2175 designat
552 2098 654 2166 socios,
668 2098 868 2156 instrumenta
876 2099 923 2157 vel

99 2180 209 2257 quibus
224 2180 291 2256 quis
306 2199 377 2236 usus
388 2188 432 2236 est
446 2179 485 2236 ad
495 2179 687 2255 operandum.

140 2258 270 2331 Quinam
293 2269 362 2316 sunt
381 2258 427 2315 illi
453 2257 534 2315 modi
559 2278 634 2336 quos
659 2257 797 2336 designat
824 2260 923 2319 circun

100 2346 120 2373 “
135 2339 308 2416 quomodo?
323 2343 339 2364 ''

139 2420 199 2479 ΙΙΙ.
216 2422 250 2477 R.
267 2419 384 2478 Primus
399 2430 443 2478 est
457 2419 582 2479 intentio
593 2419 643 2485 ,vel
657 2419 791 2478 remissio
800 2423 892 2490 actbs,
913 2441 923 2478 t

98 2501 142 2558 ira
151 2500 243 2558 fuerit
253 2500 411 2559 vehemens
426 2511 455 2559 et
469 2500 593 2570 intensa,
609 2520 647 2557 au
658 2500 784 2559 ebrietas
797 2503 923 2578 perfecta

97 2580 305 2656 gradusetiam
320 2581 492 2639 intensionis
506 2591 597 2657 auget
610 2591 774 2656 peccatum,
801 2593 830 2638 et
841 2582 923 2640 remis

97 2662 173 2731 nuit,
188 2661 348 2739 utrobique
361 2662 392 2718 in
404 2661 507 2720 eadem
521 2661 618 2737 specie
628 2671 662 2718 ut
676 2661 762 2718 docet
772 2661 802 2719 S.
819 2663 923 2720 Tbom.

99 2749 146 2800 18.
167 2751 221 2800 ait.
246 2751 293 2801 ll.
307 2741 345 2799 ad
358 2742 489 2819 primum
504 2741 622 2800 dicens:
648 2749 668 2774 “
684 2740 860 2800 Differentia
873 2744 923 2799 inti

98 2829 118 2854 “
133 2833 163 2880 et
174 2822 353 2881 remissionis
367 2842 427 2879 non
439 2820 618 2879 diversificat
627 2821 784 2898 speciem.''

139 2901 210 2978 Obj.
226 2901 412 2980 Impossibile
423 2912 467 2960 est
475 2921 654 2979 cognoscere
664 2901 853 2979 adaequatum
861 2923 923 2982 gra(

97 2981 237 3040 tentionis
252 2983 282 3038 in
296 2982 432 3054 actibus3
454 3003 535 3060 ergo,
547 2993 602 3042 etc.

97 3112 100 3119 ,
141 3063 173 3121 R.
200 3062 313 3121 Sufficit
322 3054 414 3139 'quod
427 3062 529 3140 aliquo
553 3063 641 3121 modo
655 3063 687 3120 in
701 3065 853 3122 communi
866 3083 923 3141 posi

96 3142 178 3202 nosci
194 3162 230 3200 ex
245 3141 349 3212 causis,
375 3142 492 3213 effectu,
513 3143 669 3202 duratione
674 3154 744 3216 ‚eto

139 3224 192 3282 lV.
204 3223 244 3281 2⁰.
258 3223 330 3280 Huc
344 3223 692 3301 spectatmagisetminirs
704 3223 923 3282 voluntarium]

97 3305 244 3362 directum
253 3301 302 3360 vel
310 3302 500 3381 iud'qectum:
511 3304 831 3381 graviisenimpeccat,
847 3305 900 3382 qui
913 3324 923 3361 ε

97 3386 138 3442 tia
149 3396 179 3443 et
190 3383 321 3447 scientia.
332 3382 422 3461 quim
435 3384 486 3461 qni
499 3404 536 3442 ex
546 3384 715 3462 ignorantia
723 3393 775 3441 aut
783 3386 919 3461 passione

138 3467 209 3523 Huc
225 3464 315 3522 etiam
330 3474 456 3541 spectat,
478 3483 516 3521 an
541 3484 609 3522 cum
630 3465 810 3541 cogitatione
823 3464 894 3523 mali
914 3485 923 3521 a

97 3545 279 3604 desiderium
293 3554 344 3602 aut
367 3543 504 3602 voluntas
518 3544 624 3621 operis,
652 3564 691 3602 an
717 3548 786 3602 vero
807 3544 923 3603 fueriti

98 3624 312 3702 complacentia
336 3624 398 3683 sive
417 3623 573 3682 delectatio
597 3644 712 3682 morosa
722 3648 732 3695 3
757 3637 847 3701 atque
860 3625 917 3683 hoc

87 3706 121 3764 1'n
137 3705 328 3766 confessione
342 3703 549 3765 delectationis
561 3724 685 3763 morosae
701 3704 922 3780 inquirendum.

127 3789 154 3845 V
152 3832 160 3847 .
178 3788 223 3849 3⁰.
239 3788 296 3850 Ad
311 3789 395 3851 hanc
407 3788 540 3849 classem
553 3785 645 3845 et'iam
655 3782 844 3841 recusamur
856 3802 923 3838 noar

65 3871 268 3952 cooperandi
274 3872 421 3957 peccatis
432 3867 705 3941 alionis,ncmpe‚“
714 3857 923 3936 ‘inss‘xmffi'l
