2152 4066
307 126 354 171 na
369 126 515 173 toruus
531 126 708 171 nonanus.
915 110 978 174 lss

73 272 122 367 Il.
136 273 259 333 Danant
364 270 463 341 uniter
476 247 979 337 armoranmtinoinemeae'ab
1014 240 1022 253 .

62 362 200 447 trrnseoo
295 344 461 447 'dandami
478 352 552 447 'qiria
565 351 655 447 Beati·
661 356 723 411 uo'n
733 358 860 429 possunt
867 352 949 447 ‘velle
963 362 978 416 a

61 452 153 492 arone
163 433 224 493 Dei
236 452 361 504 omme,
374 430 441 491 edm
452 453 485 492 m
491 432 543 493 dlt
552 445 714 493 cessatione
723 431 808 491 nulla
819 441 895 491 ratio
907 433 979 496 boni

61 513 131 573 ussit
143 512 289 573 invenirit
317 511 426 573 deinde
439 530 538 592 neque
552 514 636 573 Deus
648 512 731 573 illam
745 511 897 584 visionem,
913 515 978 575 cim

61 592 671 735 mqllidffilffmvillll‘*
684 591 857 731 ’ΨΜ
868 603 979 734 llil

61 694 338 894 &insuffla
350 754 451 834 cup,
465 692 534 833 ill
544 753 579 812 m
591 690 978 833 mll‘lufflpns,

60 846 168 894 ,tnunc
181 853 212 893 vr
313 853 359 893 ua
667 852 672 859 ’

79 913 503 1074 ΙΔΙῖΒῐῖιῗῦῒΠξῑξὲῗιιἪ
512 918 667 1055 mir
680 1004 725 1052 est
738 1001 831 1053 status
845 994 979 1054 omnium

60 1094 186 1134 tonorum
216 1072 428 1154 aggregatione
450 1073 612 1153 perlaetus,
646 1073 780 1151 adeoque
809 1085 977 1151 peccatum,

60 1164 145 1235 utpote
157 1154 270 1213 malum
282 1165 314 1225 at
446 1154 453 1170 '
499 1172 559 1225 nm,
570 1173 632 1213 non
643 1152 781 1215 admittit

81 1235 134 1295 tv.
160 1234 319 1313 Impaomb
342 1234 458 1303 'tatem
522 1254 539 1295 o
560 1233 652 1311 aliqui
675 1252 744 1293 oum
758 1235 847 1292 Seoto
868 1232 980 1294 adseri

59 1315 116 1374 bunt
128 1325 262 1375 exterum
276 1315 334 1374 Dei
347 1314 541 1392 protectioni:
555 1314 609 1374 sed
630 1314 733 1374 meliis
746 1310 814 1372 mim
828 1314 858 1374 S.
873 1314 980 1374 Thom.

59 1396 95 1453 'aa
106 1393 341 1472 impecoabrlitas
349 1394 463 1473 petitur
476 1395 515 1453 ab
524 1394 705 1468 intrinsec03
721 1394 801 1473 quia,
812 1412 879 1453 eum
892 1395 979 1455 intel-

61 1486 133 1534 utus
145 1476 307 1535 Beatorum
315 1475 478 1535 necessario
488 1494 604 1555 semper
612 1474 712 1535 videat
721 1474 858 1533 intuitivt
869 1475 979 1546 Deum,

59 1564 237 1614 asummum
255 1565 287 1615 et
303 1554 476 1615 universale
494 1555 618 1628 bonnm,
630 1572 692 1614 non
704 1564 802 1634 potest
815 1552 980 1635 quidquam

58 1652 208 1713 roponere
230 1634 376 1695 voluntati
404 1636 461 1695 snb
481 1635 597 1696 ratione
616 1635 699 1709 boni,
717 1635 773 1694 nisi
796 1635 878 1714 quod
890 1634 980 1696 habet

59 1714 228 1775 minem-ad
238 1716 349 1786 Deum,
362 1713 401 1774 ad
458 1736 498 1776 ne
506 1735 563 1777 neo
576 1716 713 1777 voluntas
729 1715 812 1775 aliud
825 1715 980 1795 quidpiam

58 1806 183 1875 ppetere
202 1806 310 1874 potest,
336 1796 407 1854 crim
428 1814 460 1855 nr
499 1808 640 1876 appetere
661 1796 764 1893 possit,
777 1795 835 1855 nisi
845 1795 928 1876 quod
940 1800 978 1856 ab

58 1875 214 1935 itellectui
237 1875 262 1935 ai
276 1876 333 1935 snb
342 1875 734 1956 rationebonipropomtnr.
755 1877 863 1955 ltaque
872 1877 980 1937 Beatus

58 1974 157 2035 emper
171 1956 203 2015 vi
225 1956 287 2015 ebit
298 1966 329 2016 et
342 1955 452 2016 amabit
465 1958 576 2028 Deum,
586 1956 699 2017 etviaio
712 1956 764 2015 illa
776 1976 811 2016 ac
821 1974 903 2015 amor
912 1954 981 2017 sunt

58 2047 124 2096 utus
133 2037 302 2107 necessarii,
312 2047 373 2096 tam
388 2037 486 2115 quoad
500 2037 683 2108 exercitium,
696 2038 787 2116 quim
805 2036 905 2116 quoad
915 2058 980 2117 spe-

57 2116 245 2176 ificationem.

77 2198 155 2277 obj.
172 2196 280 2275 Angeli
291 2207 417 2275 possunt
432 2217 565 2276 peccare,
579 2208 615 2257 ut
628 2197 738 2256 dicitur
750 2197 818 2256 Job.
832 2215 896 2276 oap.
910 2208 939 2258 4.
953 2220 981 2256 v.

59 2285 87 2336 8.
126 2288 146 2313 “
159 2279 239 2337 Ecce
262 2276 314 2357 qui
341 2278 475 2337 serviunt
498 2279 536 2349 ei,
562 2299 623 2337 non
648 2290 717 2337 sunt
744 2276 873 2348 stabiles,
900 2290 930 2338 et
951 2280 981 2336 in

57 2366 61 2389 ·'
74 2357 207 2436 Angelis
220 2358 280 2416 suis
294 2358 404 2436 reperit
416 2358 592 2437 pravitatem
603 2357 629 2420 =’'
643 2378 723 2437 ergo,
738 2369 795 2418 eto.

82 2440 118 2497 [t.
135 2439 214 2498 Haec
234 2438 325 2497 verba
350 2458 410 2497 non
430 2459 492 2498 esse
502 2440 572 2509 Job,
588 2440 639 2498 sed
654 2440 740 2499 amici
763 2439 828 2517 ejus
842 2437 980 2517 Eliphaz‚

57 2520 94 2595 [ui
108 2519 205 2577 multa
227 2518 269 2577 ibi
287 2538 395 2597 parum
417 2531 554 2579 accurata
577 2520 719 2599 congerit.
760 2518 878 2577 Deinde
891 2521 982 2578 verba

56 2599 91 2657 lla
104 2598 316 2677 intelliguntur
326 2618 387 2658 non
397 2599 434 2658 de
445 2601 571 2679 Angelis
582 2602 689 2670 Beana,
700 2599 751 2658 sed
760 2598 798 2657 de
808 2599 980 2671 viatoribus,

56 2698 173 2756 prorum
199 2679 293 2759 aliqui
317 2679 498 2754 oeciderunt,
526 2701 578 2740 sen
609 2680 728 2741 stabiles
760 2698 821 2737 non
838 2678 980 2751 ·fuernnt,

56 2779 148 2838 tempe
163 2759 319 2818 daemones.

81 2841 157 2919 Obj.
173 2840 217 2898 ll.
231 2840 315 2900 Beati
328 2839 361 2898 in
374 2841 475 2902 multis
493 2841 558 2900 aliis
580 2841 695 2900 actibus
716 2850 785 2898 sunt
807 2839 905 2912 liberi,
930 2844 981 2918 qui

56 2941 100 2978 ron
111 2932 269 2979 versantur
279 2922 357 2979 eirca
370 2921 512 2982 visionem
527 2923 595 2993 Dei,
617 2942 645 2980 v.
660 2943 689 3000 g.
712 2921 782 2979 dum
796 2921 925 2981 invicem
939 2923 981 2980 lo·

56 3012 177 3077 luuntur
191 3000 230 3059 de
243 3001 332 3059 rebus
343 3001 433 3081 hujus
446 3002 566 3062 mundi:
582 3022 654 3080 ergo
664 3001 763 3060 inillis
773 3012 898 3080 possunt
911 3022 980 3080 pec-

55 3101 115 3140 mre.

85 3164 118 3220 ll'.
133 3161 236 3220 Distin
259 3203 266 3218 .
281 3161 413 3221 anteced.
428 3163 459 3221 in
479 3162 539 3221 illis
553 3175 623 3222 sunt
635 3162 732 3235 liberi,
757 3170 776 3196 ‘¹
787 3161 885 3240 quoad
898 3181 980 3219 exer-

55 3249 68 3274 “
80 3241 180 3300 citium
191 3182 301 3310 actis?
312 3262 393 3302 conc.
405 3254 499 3302 anteo.
521 3256 590 3303 sunt
613 3242 700 3302 liberi
728 3241 856 3321 “quoad
867 3241 979 3320 specifi-

55 3323 223 3380 “eationem
245 3320 354 3389 actils,'’
376 3343 445 3402 neg.
472 3334 566 3383 antec.
593 3325 663 3403 quia
687 3343 787 3382 omnes
807 3322 872 3381 illos
898 3331 980 3380 actus

56 3402 205 3462 necessario
219 3402 359 3462 ordinant
371 3404 410 3462 ad
421 3405 529 3463 Deum.
