2160 4072
339 114 385 156 oe
400 112 598 157 curatione
615 112 685 156 oar.
800 110 804 119 ’
892 90 956 159 129

49 259 185 318 taediare
199 258 218 318 ὲ
232 259 301 317 Deo
312 259 471 318 formatum
485 280 522 318 ex
536 259 608 317 limo
625 271 721 326 terrae,
743 258 806 317 sive
828 276 863 315 ex
878 266 956 314 terra

49 340 205 417 prtmixta.
248 339 433 417 Genescap.
447 349 477 397 2.
491 360 520 398 v.
536 348 562 406 7.

57 419 141 478 Sicut
152 418 250 478 Adam
263 418 296 477 in
304 420 419 478 esteris
439 430 555 479 creatus
569 431 614 478 est
626 420 786 497 perfectus,
807 422 849 480 its
866 419 955 477 etiam

49 500 194 576 ‚perfecti
206 499 413 576 magnitudine
425 512 457 560 et
470 501 500 558 in
512 510 596 558 aetate
607 500 694 557 virili.

58 579 101 638 11.
112 582 234 657 Corpus
243 581 315 638 livre
323 579 463 639 formavit
476 581 560 639 Deus
569 599 606 638 ex
622 582 702 638 costel
713 580 830 651 Adami,
841 590 878 639 ut
889 579 955 636 des-

49 658 140 719 ibitur
155 661 267 719 Geues.
277 679 340 736 cap.
355 669 384 719 2.
399 682 427 719 v.
443 671 477 719 21
496 673 527 719 et
540 669 589 729 22,
600 660 680 737 quod
691 660 722 717 in
733 662 853 739 proprio
867 678 954 719 sensu

49 750 103 798 uta
126 759 227 803 omnes
253 739 481 818 intelligendum
515 753 569 800 est.
610 742 759 800 Observat
793 742 822 800 S.
848 739 955 800 Thom-

49 830 118 879 Μ,
133 831 184 890 92.
203 831 258 879 art.
272 829 300 879 2.
315 822 354 879 ad
368 828 393 878 3.
416 821 497 898 quiid
516 822 548 879 in
571 840 606 878 eo
627 821 833 880 contineantur
854 822 955 898 plures

49 900 247 978 gnificationes
260 900 437 978 spirituales,
453 902 565 960 scilicet
578 902 609 958 in
631 921 675 971 eo,
702 902 783 977 quod
796 901 903 960 mulier
918 899 955 958 de

49 990 108 1039 ure
117 981 176 1039 viri
186 992 305 1059 sumpta
315 981 361 1050 sit,
374 981 564 1057 significatur,
574 981 653 1058 quod
664 1001 738 1040 uxor
747 983 785 1040 sit
795 982 853 1040 viri
867 981 953 1046 socia,

49 1079 81 1119 on
102 1059 231 1130 domina,
260 1081 315 1120 nec
344 1082 446 1131 serva3
475 1063 555 1133 item,
579 1061 660 1139 quod
680 1062 718 1118 dc
737 1063 830 1121 latere
843 1061 953 1120 Christi

49 1143 191 1200 ormientis
213 1143 244 1199 in
266 1161 353 1200 cruce
376 1142 492 1201 fluxura
513 1152 611 1202 essent
624 1142 744 1218 sanguis
758 1154 788 1201 et
800 1162 886 1220 aqua,
903 1160 953 1200 seu

49 1222 216 1292 stramento,
232 1223 343 1300 quibus
356 1221 490 1281 Ecclesia
503 1234 548 1282 est
559 1223 702 1280 instituta

66 1299 119 1362 lll.
140 1302 272 1379 Corpora
295 1315 491 1379 posterorum,
513 1304 600 1382 juxta
613 1312 748 1361 veterum
761 1302 948 1370 sententiam.

49 1380 193 1440 aturaliter
206 1384 372 1443 formantur
391 1404 426 1441 ex
441 1383 649 1442 commixtione
663 1382 809 1440 seminum
822 1383 911 1440 maris
925 1393 955 1438 ct

49 1460 152 1519 ininae:
169 1462 272 1520 verirrn
284 1463 372 1540 juxta
381 1463 547 1532 modernos,
561 1482 669 1540 corpus
679 1463 824 1521 formetur
843 1481 880 1520 ex
899 1481 955 1519 ovo

49 1540 164 1610 mliebri,
176 1544 259 1620 quod
270 1563 324 1620 per
338 1563 437 1602 semen
452 1545 509 1602 viri
522 1555 567 1617 est
579 1542 780 1602 fecundatum.

68 1621 113 1680 IV.
140 1625 258 1681 Animae
285 1624 394 1682 Adami
421 1635 451 1682 et
479 1626 551 1683 Evae
576 1621 742 1682 immediate
765 1634 834 1681 sunt
856 1621 955 1681 &Deo

49 1711 123 1760 rate
148 1723 186 1761 ex
209 1703 314 1774 nihilo,
337 1724 409 1781 quas
433 1705 517 1763 Deus
527 1703 669 1763 creando
691 1703 802 1761 infudit
815 1715 846 1761 et
858 1702 955 1761 univit

49 1783 142 1857 torpori.
194 1784 319 1843 Animas
354 1797 539 1861 posterorum
581 1785 669 1842 etiam
704 1786 788 1842 Deus
822 1781 955 1860 quotidie

49 1863 144 1921 reerrdo
157 1864 224 1923 unit
237 1865 361 1941 corpori.
783 1876 786 1881 '

68 1941 253 2013 Quandonam
265 1946 362 2003 anima
374 1946 490 2022 corpori
501 1945 602 2003 unitur
614 1949 625 2002 ?

68 2021 96 2079 V.
110 2024 145 2082 R.
168 2026 228 2084 Res
242 2035 287 2082 est
299 2025 386 2083 valde
399 2027 529 2084 incerta:
551 2025 713 2083 communis
727 2023 872 2083 sententia
885 2022 952 2088 fuit,

49 2093 130 2173 lteri,
145 2103 218 2162 dum
229 2105 292 2183 jam
307 2125 415 2183 corpus
428 2116 473 2163 est
487 2106 663 2164 sufficienter
676 2104 890 2181 organisatum.
912 2102 954 2159 At

49 2181 205 2250 lundonam
219 2196 264 2244 est
276 2188 501 2263 organizatum?

69 2259 95 2318 ll.
114 2265 194 2323 Olim
210 2265 407 2343 conjiciebant
426 2267 458 2323 id
479 2267 541 2324 fieri
553 2266 602 2325 die
612 2264 837 2344 quadragesimo
851 2263 869 2323 d
884 2281 952 2322 con-

49 2343 150 2427 fltt'one
163 2365 220 2422 pro
232 2366 322 2414 mare,
338 2344 369 2405 e't
381 2348 560 2424 octogesimo
572 2367 628 2423 pro
642 2346 777 2404 femellae
790 2364 871 2404 nunc
885 2362 951 2422 pas·

49 2429 77 2477 lm
93 2423 122 2481 id
136 2423 224 2485 citiiis
238 2426 301 2484 lieri
316 2428 456 2497 creditur,
473 2448 525 2486 seu
544 2427 639 2504 potius
654 2426 863 2504 experimentis
876 2442 954 2482 com-

49 2501 181 2595 pletur}
205 2507 285 2564 unde
312 2507 463 2584 assignant
488 2508 567 2566 diem
590 2507 787 2582 trigesimum,
814 2515 875 2563 tarn
899 2523 954 2581 pro

49 2593 133 2652 turne,
158 2589 250 2663 quarn
270 2607 326 2664 pro
348 2607 437 2656 mare,
462 2586 616 2647 autetiam
630 2602 748 2663 tempus
769 2584 954 2662 conceptioni

49 2664 221 2744 topinquius.

49 2741 139 2826 ¹lnter
153 2747 331 2806 recentiores
344 2748 445 2826 plures
464 2757 542 2815 sunt,
565 2747 617 2823 qui
642 2766 749 2824 corpus
762 2745 794 2803 in
808 2765 864 2803 ovo
874 2747 953 2804 sulli-

49 2834 127 2883 [enter
139 2827 346 2904 organizatum
360 2829 474 2896 volunt,
487 2839 522 2886 ut
535 2830 549 2884 ὲ
563 2827 661 2904 primo
685 2825 886 2903 conceptionis
908 2826 953 2883 in-

49 2905 103 2962 suti
118 2907 145 2964 ei
160 2909 259 2966 anima
270 2908 397 2966 uniatur.
438 2908 516 2965 Vide
527 2928 582 2984 pro
595 2906 651 2964 hac
663 2928 695 2965 re
711 2905 953 2982 Embryologiam

49 2986 562 3066 tcrsmCangiamilae,quammult1im
570 2987 857 3046 laudatBenedictus
866 2985 952 3044 xlv.

52 3064 135 3137 Quid
145 3086 182 3124 ex
197 3068 285 3126 dictis
294 3089 350 3146 pro
363 3069 448 3146 praxi
462 3069 500 3127 sit
512 3067 711 3137 inferendum,
726 3067 835 3126 dicitur
849 3065 900 3123 ubi
915 3063 952 3121 de

49 3146 166 3221 iptismo
179 3149 287 3225 agitur.
831 3176 839 3207 ,·

54 3224 108 3283 Vl.
133 3228 284 3306 Origenes
308 3229 412 3299 voluit,
438 3249 539 3288 omnes
559 3228 670 3287 animas
690 3228 727 3286 ab
749 3227 833 3285 initio
847 3222 952 3283 mundi

49 3306 100 3364 nul
113 3327 181 3366 esse
193 3323 314 3378 creatas,
330 3319 368 3379 et,
381 3320 503 3387 propter
513 3302 618 3367 inerita
632 3309 681 3367 vel
694 3307 836 3367 demerita
849 3303 950 3360 habita

49 3395 77 3444 te
90 3387 233 3445 unionem
249 3409 317 3449 cum
341 3388 696 3468 corpore,'praedestinari
718 3387 766 3445 vel
780 3382 951 3462 reprobari:

49 3464 154 3526 lclare
169 3470 317 3527 refutatur
331 3490 367 3527 ex
378 3489 402 3528 c.
419 3480 447 3540 9.
461 3471 498 3529 ad
514 3473 598 3528 Rom.
614 3488 642 3527 v.
659 3478 705 3527 11.
719 3467 771 3527 ubi
786 3463 949 3542 Apostolus

58 3548 214 3619 Jacob„et
228 3549 306 3607 Esaii
329 3549 419 3620 dicit,
443 3550 548 3609 “Cim
569 3548 706 3625 nondum·
724 3547 850 3606 fuissent
877 3544 950 3612 nati,

49 3637 96 3685 rut
108 3628 225 3707 aliquid
239 3631 310 3687 boni
328 3634 467 3706 egissent,
482 3640 534 3689 aut
546 3629 643 3690 mcli.’'
685 3626 813 3687 Accedit
826 3625 879 3713 ‚SS=
895 3626 949 3683 Pa-

49 3726 85 3766 lm
100 3728 251 3767 unanimis
263 3728 431 3770 consensus.
