2160 4072
386 112 432 155 nx
455 111 696 157 consciarum.
940 96 1007 158 2411

56 278 62 289 ’
102 259 140 318 lt.
163 256 281 335 Regula
294 257 345 317 illa
356 259 469 318 tantbm
483 269 603 336 recepta
616 269 671 331 est,
691 268 837 335 quatenus
849 260 960 330 statuit,
977 276 1010 321 ut

53 336 94 397 'in
106 337 219 407 dubiis,
233 336 306 397 dum
314 338 465 415 agitur-de
473 358 562 416 poena
571 339 742 417 infligenda,
752 357 821 415 pars
831 337 1010 419 mitiumque

58 428 135 479 tunc
148 417 238 476 simul
258 428 307 477 'eet
333 420 435 489 tutior,
456 428 610 478 teneaturr
630 440 692 476 non
705 419 775 477 verb
788 429 908 495 recepta
922 423 1012 480 estin

60 497 163 559 dubiis
175 498 214 556 de
223 498 305 557 licito
316 499 364 557 vel
379 499 492 569 illicito,
506 500 560 558 ubi
570 520 639 577 pars
650 500 753 558 mitior
767 508 813 557 est
825 500 921 559 minis
934 513 1011 561 tuta.
1071 510 1073 517 '

53 614 55 623 ·
86 579 178 658 obj.
192 579 248 637 Vl.
263 581 328 639 Lex
342 580 433 638 dubia
454 599 515 638 nou
535 592 633 658 potest
645 580 788 639 inducere
801 578 1013 656 obligationem

59 671 185 730 tertam3
199 660 281 736 atqui
290 660 315 718 si
325 661 357 717 in
367 660 459 719 dubio
470 660 508 718 de
521 660 650 719 liceita'te
661 661 784 719 actionis
794 660 918 718 debeam
929 661 1011 721 illam

53 741 209 809 -amitrere,
214 739 263 798 lox
271 740 365 799 dubia
372 741 499 799 inducet
509 741 718 818 obligationem
729 751 849 811 certam:
862 760 944 817 ergo,
956 744 1010 801 dre.

54 864 58 871 -
97 823 137 881 R.
154 820 235 878 Dist.
247 821 315 899 maj.
331 822 395 880 Lex
409 820 502 892 dubia
515 840 575 879 non
588 832 687 899 potest
699 822 842 880 inducere
853 822 1011 899 obligatio-

62 916 128 959 nem
140 911 251 960 certam
261 920 321 978 per
331 922 363 959 se
376 911 406 959 et
419 901 595 970 immediate,
607 911 737 961 transeat
750 903 862 981 major:
883 921 944 960 non
956 924 1011 980 po-

54 989 119 1041 ·ttst
130 981 276 1039 inducere
287 981 430 1040 indirecte
441 993 472 1040 et
480 983 628 1040 mediante
638 983 741 1060 regula
752 981 928 1059 prudentioe,
942 1003 1011 1057 neg.

55 1061 132 1141 mj:
157 1061 251 1120 dictat
264 1062 343 1120 enim
357 1061 526 1140 prudentia,
540 1074 576 1121 ut
598 1074 753 1141 peccatum
767 1063 892 1141 ejusque
900 1063 1013 1123 morale

54 1142 226 1220 ¹'periculum
241 1142 376 1201 vitemus.
832 1202 836 1211 ,

97 1223 175 1303 Obj.
200 1223 273 1281 VII.
302 1224 332 1282 Si
355 1222 585 1302 probabilismus
609 1234 687 1283 esset
706 1242 797 1292 error,
814 1242 883 1280 eum
897 1224 1012 1282 tamdiu

56 1301 198 1363 Ecclesia
205 1322 271 1361 non
283 1303 453 1363 tolerasset:
476 1323 558 1379 ergo,
579 1308 634 1364 &a

96 1384 137 1442 B„
148 1383 191 1441 dn
205 1383 309 1461 primis
320 1396 449 1462 tempus,
463 1402 523 1461 quo
539 1385 769 1462 probabilismus
782 1382 842 1441 suit
855 1384 886 1440 in
897 1384 1010 1462 vigore,

53 1481 121 1523 non
131 1463 209 1522 adeo
229 1464 351 1541 longum
363 1477 417 1535 est,
441 1484 499 1522 nec
512 1465 673 1535 Authoras,
688 1465 740 1543 qui
753 1480 823 1523 eum
834 1463 1011 1535 docuerunt,

53 1545 136 1604 adeo
142 1544 244 1615 molti,
254 1547 344 1623 quim
359 1545 562 1605 Probabilistae
574 1546 754 1622 persuadere
767 1555 929 1604 conantur:
951 1564 1012 1603 non

53 1625 142 1684 uim
169 1625 268 1701 viguit
290 1626 529 1703 probabilismus,
542 1627 601 1684 nisi
625 1627 663 1684 ab
681 1626 767 1683 initio
780 1625 898 1705 circiter
911 1626 1011 1685 saeculi

53 1705 172 1765 decimi
181 1706 298 1783 septimi
307 1727 402 1783 usque
413 1707 451 1764 ad
462 1707 527 1784 ejus
539 1707 680 1776 medium,
688 1706 837 1783 multique
850 1707 1023 1775 Authores,

53 1787 113 1865 qui
125 1804 185 1864 pro
197 1805 233 1843 eo
246 1786 385 1858 citantur,
399 1806 466 1845 eum
478 1805 582 1847 revera
590 1806 652 1845 non
665 1787 842 1856 docuerunt,
854 1789 898 1845 uti
910 1786 1012 1845 videre

53 1877 103 1927 est
118 1865 203 1943 apud
217 1865 353 1935 Billuart,
366 1868 516 1930 -Concina
532 1867 681 1944 aliosque3
704 1867 812 1926 exinde
825 1869 894 1924 verb
907 1868 1010 1944 plures
1060 1887 1062 1890 ·

53 1947 205 2025 Episcopi
231 1945 342 2025 aliique
357 1949 415 2005 viri
436 1947 515 2005 docti
529 1966 564 2005 ac
577 1948 621 2025 pii
636 1947 769 2025 undique
781 1947 813 2003 in
833 1947 1011 2023 probabilis·

53 2045 143 2085 mum
156 2026 390 2086 insurrexerunt.
434 2027 567 2086 Ecclesia
586 2037 685 2085 autem
700 2026 945 2107 probabilismum
959 2047 1013 2104 per

53 2106 143 2165 istud
155 2116 275 2184 tempus
289 2106 452 2176 tolerando,
467 2126 527 2166 non
547 2107 660 2166 idcirco
671 2106 868 2184 approbavit3
890 2110 933 2164 uti
957 2126 1013 2165 uec

53 2186 165 2265 plures
177 2188 394 2264 propositiones
414 2187 486 2247 alias
505 2188 597 2259 laxas,
611 2198 714 2266 postea
727 2206 780 2264 per
792 2187 914 2245 decreta
925 2187 1013 2246 Alex.

55 2267 122 2326 VII
134 2277 174 2325 .et
186 2269 287 2326 Innoc.
300 2270 356 2326 XI.
369 2268 530 2339 damnatas,
540 2288 607 2346 quae
617 2269 720 2327 eodem
729 2266 781 2325 illo
790 2277 921 2345 tempore
931 2262 1014 2346 spar-

53 2348 221 2423 genantur,
245 2348 399 2407 tolerando
412 2366 466 2426 per
479 2360 607 2426 tempus,
620 2350 800 2427 approbasse
813 2349 874 2407 dici
885 2359 993 2424 potest.
1046 2408 1048 2415 ,

102 2428 190 2491 Nora
204 2428 286 2505 quud
306 2428 478 2488 Alexander
491 2431 565 2487 Vll.
578 2431 610 2486 in
625 2429 735 2488 decreti
750 2429 796 2486 sui
806 2428 940 2505 proemio
951 2429 1013 2507 sig-

55 2506 173 2575 nificet,
187 2508 254 2570 illos
268 2525 414 2587 peccasse,
425 2511 478 2587 qui
487 2509 715 2587 propositiones,
729 2508 859 2585 quesibi
874 2508 1014 2566 condem-

54 2598 122 2659 nat,
131 2598 207 2646 ante
216 2589 493 2648 condemnationem
502 2590 534 2646 in
544 2591 630 2667 praxi
639 2591 760 2649 fuerant
768 2589 872 2659 secuti,
880 2587 1015 2667 adeoque

56 2669 274 2747 tunc-quando
287 2670 345 2728 illae
359 2671 546 2729 habebantur
560 2671 739 2748 probabiles.

100 2749 158 2807 xl.
185 2750 321 2808 Tandem
347 2751 576 2828 probabilismus
604 2748 682 2809 recti
696 2749 858 2828 improbari
876 2760 976 2827 potest
996 2754 1012 2807 ai

57 2829 236 2904 posteriori3
258 2831 327 2908 quia
344 2831 502 2889 horrenda
519 2830 665 2889 doctrinae
678 2842 810 2889 monstra
822 2831 854 2888 in
868 2829 1012 2900 Christia-

56 2909 192 2967 nismum
205 2910 328 2980 invexit,
342 2911 424 2969 licita
435 2911 548 2969 faciens
561 2909 729 2988 parricidia,
744 2910 900 2979 adulteria,
910 2910 1014 2988 perju-

56 2988 115 3060 ria,
145 2992 200 3049 &ca
225 2991 299 3049 adeo
328 3001 361 3048 ut
381 2992 419 3048 ad
439 3012 474 3050 ea
493 2992 683 3068 percellenda
696 3006 772 3070 opus
786 2990 878 3049 fuerit
888 2986 1014 3048 llrlmine

58 3069 245 3147 Apostolioo,
256 3091 316 3148 quo
324 3072 371 3129 usi
382 3083 453 3130 sunt
462 3072 550 3131 Alex.
559 3071 633 3129 Vll.
642 3090 723 3130 anno
734 3071 819 3133 1665.
831 3082 862 3131 et
868 3071 1014 3146 sequenti,

58 3149 231 3208 damnando
257 3152 473 3229 propositiones
503 3159 552 3211 45.
572 3162 607 3210 >et
629 3152 735 3211 innoc.
757 3153 814 3210 Xl.
828 3168 906 3210 anno
923 3148 1008 3217 1679.

57 3229 231 3291 damnando
244 3231 344 3290 adbuc
363 3232 434 3290 alias
449 3232 498 3292 65.
963 3268 966 3273 ·

58 3428 63 3435 -
100 3392 141 3451 Ν.
164 3398 241 3452 188.⁴
263 3390 322 3450 DE
346 3391 654 3452 PROBABILIORI
677 3390 969 3452 MINUS'TUTA.

57 3512 85 3595 J.
106 3508 198 3573 Juxta
218 3510 317 3591 plures
339 3512 402 3572 licet
416 3509 494 3591 sequi
512 3508 725 3589 probabiliorem
741 3490 832 3570 raiatia
845 3510 943 3570 tulorn.
966 3510 1010 3572 Π.

302 3589 447 3671 boderetio
462 3590 591 3669 negativo
604 3589 764 3668 proeplocet.

93 3708 162 3766 AN
184 3708 286 3785 opinio
299 3710 485 3788 probabilior
508 3710 610 3771 mimis
621 3719 690 3770 tnta
705 3708 742 3768 in
754 3728 908 3773 metten
913 3710 1016 3769 mittite

53 3786 219 3858 probabilis·
226 3788 346 3851 tutioris
360 3802 408 3853 est
420 3790 490 3854 tu'ta
503 3794 620 3873 agendi
631 3792 766 3875 regulati

512 3883 533 3936 2
551 3898 573 3941 u
589 3885 610 3939 2
