2160 4072
281 122 328 167 aa
351 121 496 166 ncrrrus
519 123 690 167 nunnius.
779 116 782 123 '
918 103 982 176 1os

52 265 156 328 cidere
165 267 263 326 feram
276 267 386 326 occidit
395 267 561 336 immicum,
587 288 677 346 quem
691 265 831 346 equidem
845 271 969 334 occidis-

52 359 74 419 t,
90 349 116 408 si
131 369 200 407 eum
214 348 257 406 ibi
266 346 358 406 latere
372 348 513 405 scivisset

59 428 115 486 lX.
128 431 322 506 Consequens
343 438 481 506 respectu
495 429 595 506 operis
609 438 663 498 est,
692 449 760 506 quoe
782 434 917 510 sequitur
932 457 969 495 ex

52 509 227 588 seroposito.

52 589 136 662 Quas
153 589 321 666 ignorantia
334 588 444 647 dicitur
457 587 639 646 invincibilis
653 591 666 646 i

65 670 100 726 X.
117 668 224 735 nilla,
250 688 338 746 quam
351 669 428 746 quis,
456 668 590 726 adhibita
604 668 705 727 debita
721 669 888 748 diligentis,
916 695 969 735 seu

52 749 127 808 tediis
141 749 180 808 ad
194 769 257 808 earn
272 749 448 808 vincendam
463 748 615 816 ordinatis,
630 769 772 826 superare
785 770 844 810 non
860 766 967 831 potest.

52 826 123 889 loci
134 832 154 890 J
157 829 336 906 uris-peritis
345 839 466 887 vocatur
477 828 645 905 ignorantia
656 829 738 908 justa
753 842 783 888 et
792 835 966 908 probabilis.

52 909 119 968 ·x1.
135 910 192 968 llla
205 929 271 986 qua
282 910 388 968 mediis
410 909 450 968 ad
463 909 521 966 hoc
539 909 684 968 ordinatis
699 914 833 988 superari
856 927 966 992 potest,

52 986 170 1048 nubilis
192 990 312 1049 dicitur.
964 1001 967 1009 '

53 1069 218 1130 rvncibilis
228 1070 330 1130 stricte
344 1082 401 1141 est,
427 1088 494 1147 quae
509 1071 642 1147 superari
656 1081 763 1148 potest,
776 1072 827 1130 sed
842 1073 967 1134 difficul-

52 1162 84 1208 R.

53 1230 175 1300 terassa,
189 1251 257 1309 quae
270 1230 355 1291 facile
370 1255 380 1302 ;
395 1230 511 1307 supina,
534 1250 600 1306 quae
612 1229 753 1290 facillimi
766 1235 899 1311 superari
914 1255 967 1313 po.

53 1320 91 1367 nt
110 1312 194 1388 Saepe
206 1325 306 1370 tamen
317 1330 414 1370 crassa
427 1323 457 1368 et
471 1309 576 1386 supina
590 1309 825 1372 confunduntur.

71 1389 134 1449 llll.
150 1392 323 1470 Ignorantia
333 1393 466 1450 affectata
480 1400 525 1447 est
544 1410 588 1459 ea,
612 1410 678 1466 quae
690 1392 803 1452 directe
817 1404 863 1452 est
876 1395 967 1455 volita

53 1469 192 1543 tintenta3
208 1471 379 1550 hujusmodi
395 1471 453 1529 fuit
466 1470 633 1547 ignorantia
643 1469 814 1548 impiorum,
829 1475 881 1550 qui
895 1476 965 1536 Job.

53 1563 88 1626 ap.
101 1560 145 1610 21.
160 1572 189 1608 v.
214 1561 259 1610 14.
284 1552 444 1611 dicebant:
472 1559 492 1584 “
509 1551 626 1608 Recede
640 1555 656 1609 a
679 1553 764 1610 nobis
774 1576 783 1625 ;
809 1555 965 1614 scientiam

53 1630 167 1690 'riarum
190 1642 310 1690 tuarum
331 1632 468 1691 nolumus
481 1634 505 1688 :'’
528 1631 600 1688 item
622 1630 741 1690 illorum
762 1635 814 1711 qui
828 1639 965 1711 expressi

53 1707 125 1770 rlnnt
136 1713 288 1790 inquirere
298 1715 463 1782 veritatem,
485 1711 568 1789 leges
578 1722 630 1769 aut
644 1723 761 1782 statuta,
786 1725 821 1773 ut
843 1714 967 1776 liberiirs

53 1791 133 1850 buint
145 1811 291 1869 peccare;
316 1793 383 1850 talis
402 1803 475 1860 erat,
498 1792 609 1868 dequo
629 1793 781 1852 Psalmista
800 1795 842 1853 ait
857 1795 964 1855 Psalm.

53 1871 74 1924 ’6.
86 1891 111 1928 v.
125 1881 152 1930 4.
170 1872 306 1933 “Noluit
319 1872 496 1950 intelligere,
512 1883 545 1931 ut
558 1873 773 1949 beneageret.”
789 1877 865 1934 Hoec
880 1876 965 1953 igno-

53 1952 115 2041 titia
129 1951 273 2022 ,affectata
293 1952 402 2012 dicitur
431 1952 541 2011 directi
570 1952 737 2011 voluntaria
757 1963 787 2012 et
807 1955 967 2030 aequivalet

53 2032 160 2093 tentiae.

63 2110 279 2172 Discretionem
292 2112 398 2173 harum
413 2113 482 2172 vide
491 2113 523 2171 in
543 2112 700 2192 exemplos
715 2111 757 2171 sic
767 2113 895 2174 rusticus
909 2117 964 2176 du-

53 2186 125 2262 trns,
141 2214 180 2251 an
194 2193 234 2251 sit
247 2191 310 2252 dies
328 2194 446 2273 jejunii,
474 2196 498 2253 si
512 2194 550 2250 de
573 2213 609 2251 eo
629 2196 792 2272 interroget
815 2196 965 2256 Pastorem

53 2288 114 2342 um,
130 2274 196 2352 ejus
209 2274 380 2350 ignorantia
388 2275 444 2332 erit
453 2272 652 2343 invincibilisa
667 2275 824 2333 sitantum
838 2274 963 2336 interro·

53 2353 208 2413 ttvicinum
217 2355 435 2424 suum,dioetur
447 2355 545 2413 stricti
555 2354 718 2413 vincibilis:
729 2355 838 2432 quidsi
846 2357 963 2416 nullum

53 2433 256 2511 terrogaverit,
270 2435 327 2492 erit
339 2454 454 2507 crassa3
470 2435 494 2494 si
503 2437 583 2493 neca
598 2434 767 2495 domesticis
778 2434 830 2512 qui
843 2436 966 2496 aderant

53 2513 148 2584 tierit,
163 2514 220 2572 erit
234 2515 358 2592 supina:
378 2515 402 2573 si
417 2515 547 2592 denique
561 2518 697 2591 expresse
710 2513 840 2573 noluerit
853 2527 963 2593 petere,

53 2590 67 2650 l
79 2593 153 2652 alios
167 2595 314 2664 vitaverit,
328 2615 367 2653 ne
381 2595 456 2654 forte
466 2597 503 2653 ab
518 2595 577 2652 illis
591 2597 797 2661 instrueretur,
809 2595 866 2654 erit
880 2596 965 2674 igno·

53 2673 115 2732 ntia
131 2673 275 2733 affectata.

59 2750 150 2825 Nota,
165 2755 245 2833 quod
259 2754 290 2813 hi
304 2755 432 2825 termini,
446 2753 615 2830 ignorantia
640 2760 659 2790 ‘⁶
674 2753 866 2826 invincibilis,
881 2756 965 2816 invo-

53 2832 191 2904 luntaria,
202 2835 385 2894 antecedens
396 2831 557 2892 voluntatis
569 2844 599 2892 et
612 2834 821 2912 inculpabilis’'
835 2837 966 2914 aequiva-

54 2924 109 2982 rnt,
118 2935 173 2973 seu
186 2915 320 2973 eamdem
328 2913 525 2992 ignorantiam
539 2915 710 2992 importent,
726 2914 799 2974 dum
814 2917 913 2994 agitur
928 2918 966 2977 de

54 2995 188 3054 notantia
208 2995 375 3073 privativa:
403 2995 489 3052 talem
522 2995 720 3072 ignorantiam
750 2995 964 3069 invincibilem,

54 3086 103 3133 xta
115 3095 304 3134 communem
318 3075 504 3145 sententiam,
518 3075 625 3134 habuit
636 3075 740 3146 Jacob,
755 3075 829 3133 dum
842 3078 966 3137 accessit

54 3154 170 3217 lLiam.

59 3234 204 3294 Similiter
219 3235 396 3314 aequivalent
409 3235 441 3293 hi
455 3235 582 3305 termini,
599 3235 766 3313 ignorantia
780 3235 965 3307 “vincibilir,

54 3315 229 3380 voluntaria,
245 3336 428 3394 consequens
442 3317 615 3386 voluntatis,
630 3326 661 3374 et
678 3315 860 3392 culpabilis:
883 3317 965 3394 quali

54 3396 167 3457 iuravit
179 3395 289 3455 Paulus
298 3416 481 3474 persequens
493 3395 656 3454 Ecclesiam
671 3395 738 3454 Dei.
783 3396 967 3474 Intelligitur

54 3495 122 3535 rsus
136 3477 306 3553 ignorantia
318 3476 465 3556 privativa
476 3499 485 3546 ;
497 3496 566 3534 nam
581 3476 669 3537 datm
683 3475 909 3555 negativaque
923 3490 968 3538 est

54 3555 179 3624 scibilis,
203 3571 233 3618 et
259 3576 320 3616 non
342 3556 512 3635 culpabilis,
536 3577 564 3613 v.
588 3577 616 3634 g.
639 3557 699 3634 qui
719 3555 856 3616 monialis
875 3560 969 3617 nescit

54 3636 247 3696 ithmeticam.
400 3657 402 3660 ’

54 3793 103 3877 Tr.
116 3791 153 3848 de
163 3792 284 3850 Actibus
295 3795 427 3857 Human.
517 3822 534 3860 s
