<?xml version="1.0" encoding="UTF-8"?>
<!DOCTYPE html PUBLIC "-//W3C//DTD XHTML 1.0 Transitional//EN"
    "http://www.w3.org/TR/xhtml1/DTD/xhtml1-transitional.dtd">
<html xmlns="http://www.w3.org/1999/xhtml" xml:lang="en" lang="en">
 <head>
  <title>
</title>
<meta http-equiv="Content-Type" content="text/html;charset=utf-8" />
  <meta name='ocr-system' content='tesseract 3.04.00' />
  <meta name='ocr-capabilities' content='ocr_page ocr_carea ocr_par ocr_line ocrx_word'/>
</head>
<body>
  <div class='ocr_page' id='page_1' title='image "./theologiamorali00densgoog_0042.png"; bbox 0 0 2160 4072; ppageno 0'>
   <div class='ocr_carea' id='block_1_1' title="bbox 460 88 1001 157">
    <p class='ocr_par' dir='ltr' id='par_1_1' title="bbox 460 88 1001 157">
     <span class='ocr_line' id='line_1_1' title="bbox 460 88 1001 157; baseline 0.004 -2"><span class='ocrx_word' id='word_1_1' title='bbox 460 109 506 155; x_wconf 83' lang='lat' dir='ltr'><strong>ou</strong></span> <span class='ocrx_word' id='word_1_2' title='bbox 529 108 606 155; x_wconf 81' lang='lat' dir='ltr'><strong>suo.</strong></span> <span class='ocrx_word' id='word_1_3' title='bbox 956 88 1001 157; x_wconf 76' lang='lat' dir='ltr'><strong>at</strong></span> 
     </span>
    </p>
   </div>
   <div class='ocr_carea' id='block_1_2' title="bbox 57 238 1003 2034">
    <p class='ocr_par' dir='ltr' id='par_1_2' title="bbox 57 238 1003 655">
     <span class='ocr_line' id='line_1_2' title="bbox 57 238 999 332; baseline 0.003 -20"><span class='ocrx_word' id='word_1_4' title='bbox 57 252 174 313; x_wconf 81' lang='lat' dir='ltr'><strong>concil.</strong></span> <span class='ocrx_word' id='word_1_5' title='bbox 185 253 296 313; x_wconf 67' lang='lat' dir='ltr'><strong>Vienn.</strong></span> <span class='ocrx_word' id='word_1_6' title='bbox 306 263 410 327; x_wconf 60' lang='lat' dir='ltr'><strong>onnus</strong></span> <span class='ocrx_word' id='word_1_7' title='bbox 418 254 629 332; x_wconf 80' lang='lat' dir='ltr'><strong>Begusrdoset</strong></span> <span class='ocrx_word' id='word_1_8' title='bbox 639 238 801 331; x_wconf 56' lang='lat' dir='ltr'><strong>negeina</strong></span> <span class='ocrx_word' id='word_1_9' title='bbox 811 250 999 315; x_wconf 66' lang='lat' dir='ltr'><strong>Prohibitus</strong></span> 
     </span>
     <span class='ocr_line' id='line_1_3' title="bbox 58 333 999 413; baseline 0 -16"><span class='ocrx_word' id='word_1_10' title='bbox 58 344 161 397; x_wconf 61' lang='lat' dir='ltr'><strong>urum</strong></span> <span class='ocrx_word' id='word_1_11' title='bbox 175 344 303 413; x_wconf 79' lang='lat' dir='ltr'><strong>apparet</strong></span> <span class='ocrx_word' id='word_1_12' title='bbox 312 344 415 394; x_wconf 79' lang='lat' dir='ltr'><strong>eontra</strong></span> <span class='ocrx_word' id='word_1_13' title='bbox 427 336 458 395; x_wconf 87' lang='lat' dir='ltr'><strong>S.</strong></span> <span class='ocrx_word' id='word_1_14' title='bbox 469 335 576 395; x_wconf 78' lang='lat' dir='ltr'><strong>Thoan</strong></span> <span class='ocrx_word' id='word_1_15' title='bbox 590 335 641 395; x_wconf 87' lang='lat' dir='ltr'><strong>hie</strong></span> <span class='ocrx_word' id='word_1_16' title='bbox 650 344 705 395; x_wconf 80' lang='lat' dir='ltr'><strong>art</strong></span> <span class='ocrx_word' id='word_1_17' title='bbox 718 342 745 393; x_wconf 83' lang='lat'><strong>5.</strong></span> <span class='ocrx_word' id='word_1_18' title='bbox 759 333 800 392; x_wconf 84' lang='lat' dir='ltr'><strong>ad</strong></span> <span class='ocrx_word' id='word_1_19' title='bbox 819 340 848 394; x_wconf 82' lang='lat'><strong>3.</strong></span> <span class='ocrx_word' id='word_1_20' title='bbox 868 333 960 395; x_wconf 78' lang='lat' dir='ltr'><strong>talem</strong></span> <span class='ocrx_word' id='word_1_21' title='bbox 980 336 999 397; x_wconf 71' lang='lat' dir='ltr'><strong>d</strong></span> 
     </span>
     <span class='ocr_line' id='line_1_4' title="bbox 59 414 1003 494; baseline 0.003 -22"><span class='ocrx_word' id='word_1_22' title='bbox 59 414 130 473; x_wconf 86' lang='lat' dir='ltr'><strong>Deo</strong></span> <span class='ocrx_word' id='word_1_23' title='bbox 142 414 332 477; x_wconf 82' lang='lat' dir='ltr'><strong>intellectum</strong></span> <span class='ocrx_word' id='word_1_24' title='bbox 346 415 438 474; x_wconf 84' lang='lat' dir='ltr'><strong>creari</strong></span> <span class='ocrx_word' id='word_1_25' title='bbox 450 435 548 493; x_wconf 72' lang='lat' dir='ltr'><strong>posse,</strong></span> <span class='ocrx_word' id='word_1_26' title='bbox 568 417 621 494; x_wconf 86' lang='lat' dir='ltr'><strong>qui</strong></span> <span class='ocrx_word' id='word_1_27' title='bbox 633 435 688 494; x_wconf 77' lang='lat' dir='ltr'><strong>per</strong></span> <span class='ocrx_word' id='word_1_28' title='bbox 701 414 782 473; x_wconf 78' lang='lat' dir='ltr'><strong>vires</strong></span> <span class='ocrx_word' id='word_1_29' title='bbox 799 424 914 473; x_wconf 79' lang='lat' dir='ltr'><strong>naturae</strong></span> <span class='ocrx_word' id='word_1_30' title='bbox 937 435 1003 475; x_wconf 78' lang='lat' dir='ltr'><strong>suae</strong></span> 
     </span>
     <span class='ocr_line' id='line_1_5' title="bbox 60 493 999 574; baseline 0.003 -20"><span class='ocrx_word' id='word_1_31' title='bbox 60 495 164 554; x_wconf 81' lang='lat' dir='ltr'><strong>Deum</strong></span> <span class='ocrx_word' id='word_1_32' title='bbox 172 494 316 555; x_wconf 70' lang='lat' dir='ltr'><strong>intuitive</strong></span> <span class='ocrx_word' id='word_1_33' title='bbox 327 494 428 555; x_wconf 84' lang='lat' dir='ltr'><strong>videre</strong></span> <span class='ocrx_word' id='word_1_34' title='bbox 437 496 538 574; x_wconf 78' lang='lat' dir='ltr'><strong>posset</strong></span> <span class='ocrx_word' id='word_1_35' title='bbox 547 520 557 557; x_wconf 74' lang='grc' dir='ltr'>ι</span> <span class='ocrx_word' id='word_1_36' title='bbox 584 495 638 555; x_wconf 88' lang='lat' dir='ltr'><strong>sed</strong></span> <span class='ocrx_word' id='word_1_37' title='bbox 650 506 722 555; x_wconf 88' lang='lat' dir='ltr'><strong>tunc</strong></span> <span class='ocrx_word' id='word_1_38' title='bbox 734 504 842 554; x_wconf 83' lang='lat' dir='ltr'><strong>natura</strong></span> <span class='ocrx_word' id='word_1_39' title='bbox 854 493 907 553; x_wconf 83' lang='lat' dir='ltr'><strong>illa</strong></span> <span class='ocrx_word' id='word_1_40' title='bbox 921 507 999 557; x_wconf 83' lang='lat' dir='ltr'><strong>esset</strong></span> 
     </span>
     <span class='ocr_line' id='line_1_6' title="bbox 62 575 581 655; baseline 0.002 -20"><span class='ocrx_word' id='word_1_41' title='bbox 62 575 227 655; x_wconf 78' lang='lat' dir='ltr'><strong>superioris</strong></span> <span class='ocrx_word' id='word_1_42' title='bbox 241 575 355 635; x_wconf 75' lang='lat' dir='ltr'>ordinis</span> <span class='ocrx_word' id='word_1_43' title='bbox 366 575 459 654; x_wconf 69' lang='lat' dir='ltr'><strong>quim</strong></span> <span class='ocrx_word' id='word_1_44' title='bbox 471 587 581 636; x_wconf 85' lang='lat' dir='ltr'><strong>nostra.</strong></span> 
     </span>
    </p>

    <p class='ocr_par' dir='ltr' id='par_1_3' title="bbox 63 653 999 888">
     <span class='ocr_line' id='line_1_7' title="bbox 100 653 956 734; baseline -0.001 -20"><span class='ocrx_word' id='word_1_45' title='bbox 100 655 189 731; x_wconf 85' lang='lat' dir='ltr'><strong>Quid</strong></span> <span class='ocrx_word' id='word_1_46' title='bbox 202 667 247 715; x_wconf 83' lang='lat' dir='ltr'><strong>est</strong></span> <span class='ocrx_word' id='word_1_47' title='bbox 261 656 362 717; x_wconf 81' lang='lat' dir='ltr'><strong>videre</strong></span> <span class='ocrx_word' id='word_1_48' title='bbox 373 658 475 717; x_wconf 87' lang='lat' dir='ltr'><strong>Deum</strong></span> <span class='ocrx_word' id='word_1_49' title='bbox 486 655 624 716; x_wconf 76' lang='lat' dir='ltr'><strong>intuitive</strong></span> <span class='ocrx_word' id='word_1_50' title='bbox 642 677 695 717; x_wconf 84' lang='lat' dir='ltr'><strong>sen</strong></span> <span class='ocrx_word' id='word_1_51' title='bbox 708 674 763 734; x_wconf 84' lang='lat' dir='ltr'><strong>per</strong></span> <span class='ocrx_word' id='word_1_52' title='bbox 776 653 956 713; x_wconf 79' lang='lat' dir='ltr'>essentiam?</span> 
     </span>
     <span class='ocr_line' id='line_1_8' title="bbox 70 733 999 797; baseline 0.002 -4"><span class='ocrx_word' id='word_1_53' title='bbox 70 782 76 793; x_wconf 88' lang='grc'><strong><em>,</em></strong></span> <span class='ocrx_word' id='word_1_54' title='bbox 103 734 141 794; x_wconf 83' lang='lat' dir='ltr'><strong>R.</strong></span> <span class='ocrx_word' id='word_1_55' title='bbox 150 735 299 796; x_wconf 72' lang='lat' dir='ltr'><strong>Estelare</strong></span> <span class='ocrx_word' id='word_1_56' title='bbox 308 736 412 795; x_wconf 84' lang='lat' dir='ltr'><strong>videre</strong></span> <span class='ocrx_word' id='word_1_57' title='bbox 424 738 524 797; x_wconf 84' lang='lat' dir='ltr'><strong>Deum</strong></span> <span class='ocrx_word' id='word_1_58' title='bbox 532 747 568 795; x_wconf 91' lang='lat' dir='ltr'><strong>ut</strong></span> <span class='ocrx_word' id='word_1_59' title='bbox 575 737 661 796; x_wconf 85' lang='lat' dir='ltr'><strong>estin</strong></span> <span class='ocrx_word' id='word_1_60' title='bbox 672 757 720 796; x_wconf 70' lang='lat' dir='ltr'><strong>ses</strong></span> <span class='ocrx_word' id='word_1_61' title='bbox 731 735 795 795; x_wconf 78' lang='lat' dir='ltr'><strong>haec</strong></span> <span class='ocrx_word' id='word_1_62' title='bbox 808 734 883 795; x_wconf 83' lang='lat' dir='ltr'><strong>visio</strong></span> <span class='ocrx_word' id='word_1_63' title='bbox 896 733 999 797; x_wconf 76' lang='lat' dir='ltr'><strong>vocari</strong></span> 
     </span>
     <span class='ocr_line' id='line_1_9' title="bbox 63 815 796 888; baseline -0.001 -13"><span class='ocrx_word' id='word_1_64' title='bbox 63 815 137 875; x_wconf 87' lang='lat' dir='ltr'><strong>solet</strong></span> <span class='ocrx_word' id='word_1_65' title='bbox 150 816 231 875; x_wconf 82' lang='lat' dir='ltr'><strong>visio</strong></span> <span class='ocrx_word' id='word_1_66' title='bbox 243 816 303 875; x_wconf 88' lang='lat' dir='ltr'><strong>Dei</strong></span> <span class='ocrx_word' id='word_1_67' title='bbox 315 816 464 888; x_wconf 74' lang='lat' dir='ltr'><strong>intuitivas,</strong></span> <span class='ocrx_word' id='word_1_68' title='bbox 477 818 549 876; x_wconf 86' lang='lat' dir='ltr'><strong>item</strong></span> <span class='ocrx_word' id='word_1_69' title='bbox 563 818 639 877; x_wconf 87' lang='lat' dir='ltr'><strong>visio</strong></span> <span class='ocrx_word' id='word_1_70' title='bbox 652 815 796 877; x_wconf 70' lang='lat' dir='ltr'><strong>beatince</strong></span> 
     </span>
    </p>

    <p class='ocr_par' dir='ltr' id='par_1_4' title="bbox 64 894 1001 1997">
     <span class='ocr_line' id='line_1_10' title="bbox 102 894 996 975; baseline -0.002 -20"><span class='ocrx_word' id='word_1_71' title='bbox 102 897 175 955; x_wconf 85' lang='lat' dir='ltr'><strong>Non</strong></span> <span class='ocrx_word' id='word_1_72' title='bbox 188 896 224 957; x_wconf 81' lang='lat' dir='ltr'><strong>fit</strong></span> <span class='ocrx_word' id='word_1_73' title='bbox 234 897 300 956; x_wconf 79' lang='lat' dir='ltr'><strong>haec</strong></span> <span class='ocrx_word' id='word_1_74' title='bbox 313 897 389 955; x_wconf 85' lang='lat' dir='ltr'><strong>visio</strong></span> <span class='ocrx_word' id='word_1_75' title='bbox 397 917 453 975; x_wconf 81' lang='lat' dir='ltr'><strong>per</strong></span> <span class='ocrx_word' id='word_1_76' title='bbox 465 897 594 975; x_wconf 87' lang='lat' dir='ltr'><strong>speciem</strong></span> <span class='ocrx_word' id='word_1_77' title='bbox 615 897 799 975; x_wconf 85' lang='lat' dir='ltr'><strong>impressam,</strong></span> <span class='ocrx_word' id='word_1_78' title='bbox 814 894 877 955; x_wconf 86' lang='lat' dir='ltr'><strong>sive</strong></span> <span class='ocrx_word' id='word_1_79' title='bbox 890 912 947 975; x_wconf 86' lang='lat' dir='ltr'><strong>per</strong></span> <span class='ocrx_word' id='word_1_80' title='bbox 956 894 996 955; x_wconf 85' lang='lat' dir='ltr'><strong>si-</strong></span> 
     </span>
     <span class='ocr_line' id='line_1_11' title="bbox 64 975 997 1057; baseline 0.001 -23"><span class='ocrx_word' id='word_1_81' title='bbox 64 975 265 1036; x_wconf 88' lang='lat' dir='ltr'><strong>militudinem</strong></span> <span class='ocrx_word' id='word_1_82' title='bbox 277 978 413 1037; x_wconf 67' lang='lat' dir='ltr'><strong>emnsem</strong></span> <span class='ocrx_word' id='word_1_83' title='bbox 426 978 466 1037; x_wconf 81' lang='lat' dir='ltr'><strong>ab</strong></span> <span class='ocrx_word' id='word_1_84' title='bbox 480 977 597 1056; x_wconf 78' lang='lat' dir='ltr'><strong>olrjectn</strong></span> <span class='ocrx_word' id='word_1_85' title='bbox 610 978 642 1037; x_wconf 93' lang='lat' dir='ltr'><strong>in</strong></span> <span class='ocrx_word' id='word_1_86' title='bbox 655 976 860 1049; x_wconf 65' lang='lat' dir='ltr'><strong>intellectum</strong></span> <span class='ocrx_word' id='word_1_87' title='bbox 885 975 938 1035; x_wconf 88' lang='lat' dir='ltr'><strong>sed</strong></span> <span class='ocrx_word' id='word_1_88' title='bbox 951 995 997 1057; x_wconf 52' lang='lat' dir='ltr'><strong>esf</strong></span> 
     </span>
     <span class='ocr_line' id='line_1_12' title="bbox 67 1055 997 1148; baseline -0.003 -31"><span class='ocrx_word' id='word_1_89' title='bbox 67 1057 158 1148; x_wconf 70' lang='lat' dir='ltr'><strong>sertis</strong></span> <span class='ocrx_word' id='word_1_90' title='bbox 183 1057 246 1117; x_wconf 86' lang='lat' dir='ltr'><strong>Dei</strong></span> <span class='ocrx_word' id='word_1_91' title='bbox 267 1057 436 1117; x_wconf 74' lang='lat' dir='ltr'><strong>immediate</strong></span> <span class='ocrx_word' id='word_1_92' title='bbox 463 1056 593 1128; x_wconf 86' lang='lat' dir='ltr'><strong>videtur,</strong></span> <span class='ocrx_word' id='word_1_93' title='bbox 615 1058 759 1137; x_wconf 82' lang='lat' dir='ltr'><strong>supplens</strong></span> <span class='ocrx_word' id='word_1_94' title='bbox 786 1056 867 1115; x_wconf 87' lang='lat' dir='ltr'><strong>vioes</strong></span> <span class='ocrx_word' id='word_1_95' title='bbox 888 1055 997 1135; x_wconf 77' lang='lat' dir='ltr'><strong>speciei</strong></span> 
     </span>
     <span class='ocr_line' id='line_1_13' title="bbox 65 1137 965 1297; baseline 0 -20"><span class='ocrx_word' id='word_1_96' title='bbox 65 1138 344 1277; x_wconf 54' lang='lat' dir='ltr'><strong>miffikneltlli</strong></span> <span class='ocrx_word' id='word_1_97' title='bbox 349 1137 710 1297; x_wconf 51' lang='lat' dir='ltr'><strong>itellssiliiiiinn</strong></span> <span class='ocrx_word' id='word_1_98' title='bbox 724 1219 826 1276; x_wconf 77' lang='lat' dir='ltr'><strong>neum</strong></span> <span class='ocrx_word' id='word_1_99' title='bbox 839 1214 965 1277; x_wconf 70' lang='lat' dir='ltr'><strong>videre?</strong></span> 
     </span>
     <span class='ocr_line' id='line_1_14' title="bbox 72 1295 997 1375; baseline -0.001 -18"><span class='ocrx_word' id='word_1_100' title='bbox 72 1356 77 1364; x_wconf 85' lang='grc'>,</span> <span class='ocrx_word' id='word_1_101' title='bbox 101 1297 145 1357; x_wconf 89' lang='grc' dir='ltr'><strong>ΙΙ.</strong></span> <span class='ocrx_word' id='word_1_102' title='bbox 171 1298 211 1357; x_wconf 85' lang='lat' dir='ltr'><strong>R.</strong></span> <span class='ocrx_word' id='word_1_103' title='bbox 232 1299 427 1370; x_wconf 73' lang='lat' dir='ltr'><strong>Affirmanve,</strong></span> <span class='ocrx_word' id='word_1_104' title='bbox 459 1300 484 1359; x_wconf 90' lang='lat' dir='ltr'><strong>si</strong></span> <span class='ocrx_word' id='word_1_105' title='bbox 506 1297 648 1359; x_wconf 85' lang='lat' dir='ltr'><strong>niminim</strong></span> <span class='ocrx_word' id='word_1_106' title='bbox 672 1300 712 1359; x_wconf 89' lang='lat' dir='ltr'><strong>sit</strong></span> <span class='ocrx_word' id='word_1_107' title='bbox 731 1295 997 1375; x_wconf 69' lang='lat' dir='ltr'><strong>supernaturaliter</strong></span> 
     </span>
     <span class='ocr_line' id='line_1_15' title="bbox 65 1375 997 1455; baseline 0.003 -19"><span class='ocrx_word' id='word_1_108' title='bbox 65 1375 205 1448; x_wconf 82' lang='lat' dir='ltr'><strong>elevatus,</strong></span> <span class='ocrx_word' id='word_1_109' title='bbox 233 1388 264 1436; x_wconf 88' lang='lat' dir='ltr'><strong>et</strong></span> <span class='ocrx_word' id='word_1_110' title='bbox 277 1378 334 1437; x_wconf 88' lang='lat' dir='ltr'><strong>hoo</strong></span> <span class='ocrx_word' id='word_1_111' title='bbox 347 1379 437 1438; x_wconf 89' lang='lat' dir='ltr'><strong>modo</strong></span> <span class='ocrx_word' id='word_1_112' title='bbox 458 1378 544 1440; x_wconf 83' lang='lat' dir='ltr'><strong>Beati</strong></span> <span class='ocrx_word' id='word_1_113' title='bbox 561 1380 665 1439; x_wconf 89' lang='lat' dir='ltr'><strong>Deum</strong></span> <span class='ocrx_word' id='word_1_114' title='bbox 676 1378 790 1448; x_wconf 89' lang='lat' dir='ltr'><strong>vident,</strong></span> <span class='ocrx_word' id='word_1_115' title='bbox 805 1388 840 1436; x_wconf 91' lang='lat' dir='ltr'><strong>ut</strong></span> <span class='ocrx_word' id='word_1_116' title='bbox 853 1387 934 1455; x_wconf 82' lang='lat' dir='ltr'><strong>patet</strong></span> <span class='ocrx_word' id='word_1_117' title='bbox 959 1397 997 1439; x_wconf 86' lang='lat' dir='ltr'><strong>ex</strong></span> 
     </span>
     <span class='ocr_line' id='line_1_16' title="bbox 64 1454 995 1537; baseline -0.003 -20"><span class='ocrx_word' id='word_1_118' title='bbox 64 1455 169 1517; x_wconf 68' lang='lat' dir='ltr'><strong>Maon</strong></span> <span class='ocrx_word' id='word_1_119' title='bbox 182 1477 247 1537; x_wconf 77' lang='lat' dir='ltr'><strong>esp.</strong></span> <span class='ocrx_word' id='word_1_120' title='bbox 259 1467 291 1519; x_wconf 84' lang='lat'><strong>5.</strong></span> <span class='ocrx_word' id='word_1_121' title='bbox 303 1480 334 1521; x_wconf 83' lang='lat' dir='ltr'><strong>v.</strong></span> <span class='ocrx_word' id='word_1_122' title='bbox 349 1465 376 1519; x_wconf 82' lang='lat'><strong>8.</strong></span> <span class='ocrx_word' id='word_1_123' title='bbox 398 1467 419 1492; x_wconf 89' lang='lat'>“</span> <span class='ocrx_word' id='word_1_124' title='bbox 432 1458 518 1519; x_wconf 83' lang='lat' dir='ltr'><strong>Beati</strong></span> <span class='ocrx_word' id='word_1_125' title='bbox 539 1458 654 1518; x_wconf 88' lang='lat' dir='ltr'><strong>mundo</strong></span> <span class='ocrx_word' id='word_1_126' title='bbox 665 1458 767 1528; x_wconf 86' lang='lat' dir='ltr'><strong>corde,</strong></span> <span class='ocrx_word' id='word_1_127' title='bbox 781 1457 923 1535; x_wconf 85' lang='lat' dir='ltr'><strong>quoniam</strong></span> <span class='ocrx_word' id='word_1_128' title='bbox 936 1454 995 1536; x_wconf 83' lang='lat' dir='ltr'><strong>ipsi</strong></span> 
     </span>
     <span class='ocr_line' id='line_1_17' title="bbox 66 1537 996 1617; baseline 0.001 -18"><span class='ocrx_word' id='word_1_129' title='bbox 66 1537 197 1599; x_wconf 84' lang='lat' dir='ltr'><strong>“Deum</strong></span> <span class='ocrx_word' id='word_1_130' title='bbox 218 1538 401 1611; x_wconf 84' lang='lat' dir='ltr'><strong>videbnnt;&#39;’</strong></span> <span class='ocrx_word' id='word_1_131' title='bbox 428 1549 459 1599; x_wconf 89' lang='lat' dir='ltr'><strong>et</strong></span> <span class='ocrx_word' id='word_1_132' title='bbox 479 1560 517 1599; x_wconf 83' lang='lat' dir='ltr'><strong>ex</strong></span> <span class='ocrx_word' id='word_1_133' title='bbox 532 1539 629 1617; x_wconf 81' lang='lat' dir='ltr'><strong>Epist.</strong></span> <span class='ocrx_word' id='word_1_134' title='bbox 650 1548 676 1599; x_wconf 91' lang='lat'><strong>1.</strong></span> <span class='ocrx_word' id='word_1_135' title='bbox 691 1541 777 1601; x_wconf 81' lang='lat' dir='ltr'><strong>Joan.</strong></span> <span class='ocrx_word' id='word_1_136' title='bbox 798 1557 865 1615; x_wconf 81' lang='lat' dir='ltr'><strong>oap.</strong></span> <span class='ocrx_word' id='word_1_137' title='bbox 877 1545 907 1597; x_wconf 82' lang='grc'><strong>3.</strong></span> <span class='ocrx_word' id='word_1_138' title='bbox 920 1557 950 1597; x_wconf 88' lang='lat' dir='ltr'><strong>v.</strong></span> <span class='ocrx_word' id='word_1_139' title='bbox 964 1545 996 1600; x_wconf 77' lang='grc'><strong>2.</strong></span> 
     </span>
     <span class='ocr_line' id='line_1_18' title="bbox 66 1614 995 1689; baseline 0.001 -14"><span class='ocrx_word' id='word_1_140' title='bbox 66 1621 84 1689; x_wconf 64' lang='grc' dir='ltr'><strong>’ξ</strong></span> <span class='ocrx_word' id='word_1_141' title='bbox 96 1614 278 1679; x_wconf 80' lang='lat' dir='ltr'>Videbimus</span> <span class='ocrx_word' id='word_1_142' title='bbox 286 1639 355 1678; x_wconf 87' lang='lat' dir='ltr'><strong>eum</strong></span> <span class='ocrx_word' id='word_1_143' title='bbox 369 1618 457 1678; x_wconf 88' lang='lat' dir='ltr'><strong>sicuti</strong></span> <span class='ocrx_word' id='word_1_144' title='bbox 470 1629 515 1679; x_wconf 85' lang='lat' dir='ltr'><strong>est</strong></span> <span class='ocrx_word' id='word_1_145' title='bbox 528 1620 554 1687; x_wconf 84' lang='lat'><strong>;&#39;&#39;</strong></span> <span class='ocrx_word' id='word_1_146' title='bbox 564 1639 600 1677; x_wconf 85' lang='lat' dir='ltr'><strong>ao</strong></span> <span class='ocrx_word' id='word_1_147' title='bbox 613 1619 770 1679; x_wconf 86' lang='lat' dir='ltr'><strong>definitum</strong></span> <span class='ocrx_word' id='word_1_148' title='bbox 782 1618 867 1679; x_wconf 87' lang='lat' dir='ltr'><strong>estin</strong></span> <span class='ocrx_word' id='word_1_149' title='bbox 881 1616 995 1679; x_wconf 79' lang='lat' dir='ltr'><strong>Concil.</strong></span> 
     </span>
     <span class='ocr_line' id='line_1_19' title="bbox 65 1686 1001 1761; baseline 0.005 -6"><span class='ocrx_word' id='word_1_150' title='bbox 65 1686 193 1757; x_wconf 73' lang='lat' dir='ltr'><strong>Floreat.</strong></span> <span class='ocrx_word' id='word_1_151' title='bbox 206 1699 240 1757; x_wconf 84' lang='lat' dir='ltr'><strong>in</strong></span> <span class='ocrx_word' id='word_1_152' title='bbox 260 1700 390 1758; x_wconf 86' lang='lat' dir='ltr'><strong>Decreto</strong></span> <span class='ocrx_word' id='word_1_153' title='bbox 403 1699 522 1759; x_wconf 88' lang='lat' dir='ltr'><strong>unionis</strong></span> <span class='ocrx_word' id='word_1_154' title='bbox 535 1700 756 1761; x_wconf 85' lang='lat' dir='ltr'><strong>Armeniorum.</strong></span> <span class='ocrx_word' id='word_1_155' title='bbox 997 1696 1001 1702; x_wconf 83' lang='grc'><strong>’</strong></span> 
     </span>
     <span class='ocr_line' id='line_1_20' title="bbox 73 1776 994 1858; baseline -0.001 -21"><span class='ocrx_word' id='word_1_156' title='bbox 73 1838 77 1845; x_wconf 81' lang='grc'><strong>,</strong></span> <span class='ocrx_word' id='word_1_157' title='bbox 101 1776 173 1858; x_wconf 82' lang='lat' dir='ltr'><strong>obj.</strong></span> <span class='ocrx_word' id='word_1_158' title='bbox 187 1779 262 1839; x_wconf 72' lang='lat' dir='ltr'><strong>had</strong></span> <span class='ocrx_word' id='word_1_159' title='bbox 272 1781 384 1839; x_wconf 81' lang='lat' dir='ltr'><strong>Timot.</strong></span> <span class='ocrx_word' id='word_1_160' title='bbox 393 1799 458 1858; x_wconf 78' lang='lat' dir='ltr'><strong>cap.</strong></span> <span class='ocrx_word' id='word_1_161' title='bbox 469 1779 497 1841; x_wconf 85' lang='grc'><strong>6.</strong></span> <span class='ocrx_word' id='word_1_162' title='bbox 507 1801 536 1839; x_wconf 87' lang='lat' dir='ltr'><strong>v.</strong></span> <span class='ocrx_word' id='word_1_163' title='bbox 550 1779 594 1840; x_wconf 89' lang='lat'><strong>16.</strong></span> <span class='ocrx_word' id='word_1_164' title='bbox 607 1780 738 1841; x_wconf 79' lang='lat' dir='ltr'><strong>dieitur:</strong></span> <span class='ocrx_word' id='word_1_165' title='bbox 753 1786 773 1815; x_wconf 89' lang='lat'><strong>“</strong></span> <span class='ocrx_word' id='word_1_166' title='bbox 784 1777 884 1850; x_wconf 83' lang='lat' dir='ltr'><strong>Quem</strong></span> <span class='ocrx_word' id='word_1_167' title='bbox 891 1776 994 1839; x_wconf 83' lang='lat' dir='ltr'><strong>nullus</strong></span> 
     </span>
     <span class='ocr_line' id='line_1_21' title="bbox 66 1856 912 1997; baseline 0.001 -79"><span class='ocrx_word' id='word_1_168' title='bbox 66 1863 84 1889; x_wconf 90' lang='lat'>“</span> <span class='ocrx_word' id='word_1_169' title='bbox 94 1856 250 1919; x_wconf 86' lang='lat' dir='ltr'><strong>hominum</strong></span> <span class='ocrx_word' id='word_1_170' title='bbox 263 1860 348 1926; x_wconf 84' lang='lat' dir='ltr'><strong>vidit,</strong></span> <span class='ocrx_word' id='word_1_171' title='bbox 362 1861 416 1919; x_wconf 87' lang='lat' dir='ltr'><strong>sed</strong></span> <span class='ocrx_word' id='word_1_172' title='bbox 428 1880 485 1920; x_wconf 87' lang='lat' dir='ltr'><strong>neo</strong></span> <span class='ocrx_word' id='word_1_173' title='bbox 498 1859 601 1919; x_wconf 88' lang='lat' dir='ltr'><strong>videre</strong></span> <span class='ocrx_word' id='word_1_174' title='bbox 612 1871 710 1938; x_wconf 84' lang='lat' dir='ltr'><strong>potest</strong></span> <span class='ocrx_word' id='word_1_175' title='bbox 720 1864 748 1932; x_wconf 87' lang='lat'><strong>;&#39;&#39;</strong></span> <span class='ocrx_word' id='word_1_176' title='bbox 763 1879 844 1997; x_wconf 54' lang='lat' dir='ltr'><strong>erqo,</strong></span> <span class='ocrx_word' id='word_1_177' title='bbox 859 1861 912 1919; x_wconf 78' lang='lat' dir='ltr'><strong>&amp;e</strong></span> 
     </span>
    </p>

    <p class='ocr_par' dir='ltr' id='par_1_5' title="bbox 100 1937 993 2034">
     <span class='ocr_line' id='line_1_22' title="bbox 100 1937 993 2034; baseline 0.002 -35"><span class='ocrx_word' id='word_1_178' title='bbox 100 1939 136 1999; x_wconf 83' lang='lat' dir='ltr'><strong>R.</strong></span> <span class='ocrx_word' id='word_1_179' title='bbox 150 1941 231 2018; x_wconf 80' lang='lat' dir='ltr'><strong>Neg.</strong></span> <span class='ocrx_word' id='word_1_180' title='bbox 245 1941 449 2034; x_wconf 56' lang='lat' dir='ltr'><strong>conseq3quia</strong></span> <span class='ocrx_word' id='word_1_181' title='bbox 460 1950 561 2000; x_wconf 83' lang='lat' dir='ltr'><strong>textus</strong></span> <span class='ocrx_word' id='word_1_182' title='bbox 571 1940 761 2018; x_wconf 81' lang='lat' dir='ltr'><strong>intelligitur,</strong></span> <span class='ocrx_word' id='word_1_183' title='bbox 769 1960 806 1999; x_wconf 89' lang='lat' dir='ltr'><strong>ve</strong></span> <span class='ocrx_word' id='word_1_184' title='bbox 828 1938 866 1997; x_wconf 93' lang='lat' dir='ltr'><strong>de</strong></span> <span class='ocrx_word' id='word_1_185' title='bbox 879 1937 993 2001; x_wconf 84' lang='lat' dir='ltr'><strong>visione</strong></span> 
     </span>
    </p>
   </div>
   <div class='ocr_carea' id='block_1_3' title="bbox 66 2014 999 2180">
    <p class='ocr_par' dir='ltr' id='par_1_6' title="bbox 66 2014 999 2180">
     <span class='ocr_line' id='line_1_23' title="bbox 66 2014 994 2100; baseline 0.004 -25"><span class='ocrx_word' id='word_1_186' title='bbox 66 2014 119 2077; x_wconf 87' lang='lat' dir='ltr'><strong>Dei</strong></span> <span class='ocrx_word' id='word_1_187' title='bbox 129 2020 225 2080; x_wconf 84' lang='lat' dir='ltr'><strong>oeulis</strong></span> <span class='ocrx_word' id='word_1_188' title='bbox 240 2038 398 2098; x_wconf 68' lang='lat' dir='ltr'><strong>emperors,</strong></span> <span class='ocrx_word' id='word_1_189' title='bbox 422 2021 471 2081; x_wconf 89' lang='lat' dir='ltr'><strong>vel</strong></span> <span class='ocrx_word' id='word_1_190' title='bbox 482 2040 537 2100; x_wconf 82' lang='lat' dir='ltr'><strong>per</strong></span> <span class='ocrx_word' id='word_1_191' title='bbox 551 2019 629 2080; x_wconf 81' lang='lat' dir='ltr'><strong>soles</strong></span> <span class='ocrx_word' id='word_1_192' title='bbox 641 2020 720 2081; x_wconf 85' lang='lat' dir='ltr'><strong>vires</strong></span> <span class='ocrx_word' id='word_1_193' title='bbox 736 2031 860 2090; x_wconf 82' lang='lat' dir='ltr'><strong>naturae,</strong></span> <span class='ocrx_word' id='word_1_194' title='bbox 881 2038 942 2079; x_wconf 87' lang='lat' dir='ltr'><strong>non</strong></span> <span class='ocrx_word' id='word_1_195' title='bbox 955 2018 994 2079; x_wconf 92' lang='lat' dir='ltr'><strong>de</strong></span> 
     </span>
     <span class='ocr_line' id='line_1_24' title="bbox 66 2096 999 2180; baseline -0.002 -21"><span class='ocrx_word' id='word_1_196' title='bbox 66 2096 171 2161; x_wconf 75' lang='lat' dir='ltr'><strong>visione</strong></span> <span class='ocrx_word' id='word_1_197' title='bbox 182 2101 315 2180; x_wconf 80' lang='lat' dir='ltr'><strong>perfecta</strong></span> <span class='ocrx_word' id='word_1_198' title='bbox 323 2112 355 2161; x_wconf 90' lang='lat' dir='ltr'><strong>et</strong></span> <span class='ocrx_word' id='word_1_199' title='bbox 363 2100 619 2180; x_wconf 72' lang='lat' dir='ltr'><strong>comprehensive.</strong></span> <span class='ocrx_word' id='word_1_200' title='bbox 996 2150 999 2157; x_wconf 90' lang='lat'><em>.</em></span> 
     </span>
    </p>
   </div>
   <div class='ocr_carea' id='block_1_4' title="bbox 219 2198 1077 2317">
    <p class='ocr_par' dir='ltr' id='par_1_7' title="bbox 219 2198 1077 2317">
     <span class='ocr_line' id='line_1_25' title="bbox 219 2198 1077 2317; baseline 0.007 -14"><span class='ocrx_word' id='word_1_201' title='bbox 219 2246 259 2303; x_wconf 83' lang='lat' dir='ltr'><strong>n.</strong></span> <span class='ocrx_word' id='word_1_202' title='bbox 284 2254 331 2317; x_wconf 78' lang='lat'><strong>19.</strong></span> <span class='ocrx_word' id='word_1_203' title='bbox 373 2245 432 2307; x_wconf 80' lang='lat' dir='ltr'><strong>nu</strong></span> <span class='ocrx_word' id='word_1_204' title='bbox 454 2244 628 2308; x_wconf 72' lang='lat' dir='ltr'><strong>nnuma</strong></span> <span class='ocrx_word' id='word_1_205' title='bbox 650 2243 833 2307; x_wconf 70' lang='lat' dir='ltr'><strong>sionna</strong></span> <span class='ocrx_word' id='word_1_206' title='bbox 980 2224 991 2279; x_wconf 86' lang='grc'><strong>’-</strong></span> <span class='ocrx_word' id='word_1_207' title='bbox 1024 2198 1077 2309; x_wconf 61' lang='lat' dir='ltr'><strong>*if</strong></span> 
     </span>
    </p>
   </div>
   <div class='ocr_carea' id='block_1_5' title="bbox 268 2387 785 2469">
    <p class='ocr_par' dir='ltr' id='par_1_8' title="bbox 268 2387 785 2469">
     <span class='ocr_line' id='line_1_26' title="bbox 268 2387 785 2469; baseline 0 -22"><span class='ocrx_word' id='word_1_208' title='bbox 268 2388 300 2460; x_wconf 77' lang='lat' dir='ltr'><strong>S,</strong></span> <span class='ocrx_word' id='word_1_209' title='bbox 318 2387 415 2448; x_wconf 75' lang='lat' dir='ltr'><strong>Thom.</strong></span> <span class='ocrx_word' id='word_1_210' title='bbox 429 2397 526 2469; x_wconf 63' lang='grc' dir='ltr'><em>φασί.</em></span> <span class='ocrx_word' id='word_1_211' title='bbox 543 2395 588 2453; x_wconf 79' lang='lat' dir='ltr'><strong>la.</strong></span> <span class='ocrx_word' id='word_1_212' title='bbox 604 2397 660 2451; x_wconf 73' lang='lat' dir='ltr'><strong>art.</strong></span> <span class='ocrx_word' id='word_1_213' title='bbox 676 2397 703 2450; x_wconf 88' lang='grc'><strong>5.</strong></span> <span class='ocrx_word' id='word_1_214' title='bbox 718 2396 749 2449; x_wconf 84' lang='lat' dir='ltr'><strong>et</strong></span> <span class='ocrx_word' id='word_1_215' title='bbox 757 2388 785 2449; x_wconf 85' lang='lat'><strong>6.</strong></span> 
     </span>
    </p>
   </div>
   <div class='ocr_carea' id='block_1_6' title="bbox 69 2493 1010 2693">
    <p class='ocr_par' dir='ltr' id='par_1_9' title="bbox 69 2493 1010 2693">
     <span class='ocr_line' id='line_1_27' title="bbox 69 2493 1010 2611; baseline 0.004 -25"><span class='ocrx_word' id='word_1_216' title='bbox 69 2523 88 2587; x_wconf 82' lang='lat' dir='ltr'>L</span> <span class='ocrx_word' id='word_1_217' title='bbox 105 2527 186 2594; x_wconf 71' lang='lat' dir='ltr'><strong>Quid</strong></span> <span class='ocrx_word' id='word_1_218' title='bbox 196 2533 289 2591; x_wconf 71' lang='lat' dir='ltr'><strong>lamen</strong></span> <span class='ocrx_word' id='word_1_219' title='bbox 299 2530 409 2611; x_wconf 75' lang='lat' dir='ltr'><strong>&#39;glort&#39;oe-</strong></span> <span class='ocrx_word' id='word_1_220' title='bbox 450 2532 492 2591; x_wconf 84' lang='grc' dir='ltr'><strong>ΙΙ.</strong></span> <span class='ocrx_word' id='word_1_221' title='bbox 520 2532 595 2593; x_wconf 73' lang='lat' dir='ltr'><strong>Visio</strong></span> <span class='ocrx_word' id='word_1_222' title='bbox 608 2533 739 2610; x_wconf 76' lang='lat' dir='ltr'><strong>beatifico</strong></span> <span class='ocrx_word' id='word_1_223' title='bbox 757 2552 816 2592; x_wconf 78' lang='lat' dir='ltr'><strong>,uon</strong></span> <span class='ocrx_word' id='word_1_224' title='bbox 837 2538 879 2590; x_wconf 78' lang='lat' dir='ltr'><strong>eet</strong></span> <span class='ocrx_word' id='word_1_225' title='bbox 890 2532 920 2588; x_wconf 71' lang='lat' dir='ltr'><strong>in</strong></span> <span class='ocrx_word' id='word_1_226' title='bbox 931 2493 1010 2590; x_wconf 70' lang='lat' dir='ltr'><strong>trito·¹</strong></span> 
     </span>
     <span class='ocr_line' id='line_1_28' title="bbox 97 2607 996 2693; baseline 0.008 -30"><span class='ocrx_word' id='word_1_227' title='bbox 97 2607 178 2668; x_wconf 79' lang='lat' dir='ltr'><strong>nibus</strong></span> <span class='ocrx_word' id='word_1_228' title='bbox 190 2611 316 2693; x_wconf 70' lang='lat' dir='ltr'><strong>aequalia.</strong></span> <span class='ocrx_word' id='word_1_229' title='bbox 365 2611 424 2671; x_wconf 86' lang='grc' dir='ltr'><strong>ΙΙΙ.</strong></span> <span class='ocrx_word' id='word_1_230' title='bbox 441 2612 537 2671; x_wconf 70' lang='lat' dir='ltr'><strong>Causa</strong></span> <span class='ocrx_word' id='word_1_231' title='bbox 560 2611 761 2692; x_wconf 72' lang='lat' dir='ltr'><strong>inequalilntir</strong></span> <span class='ocrx_word' id='word_1_232' title='bbox 774 2610 891 2671; x_wconf 62' lang='lat' dir='ltr'><strong>vannis</strong></span> <span class='ocrx_word' id='word_1_233' title='bbox 905 2610 996 2670; x_wconf 64' lang='grc' dir='ltr'><strong>Μ’·</strong></span> 
     </span>
    </p>
   </div>
   <div class='ocr_carea' id='block_1_7' title="bbox 94 2686 168 2758">
    <p class='ocr_par' dir='ltr' id='par_1_10' title="bbox 94 2686 168 2758">
     <span class='ocr_line' id='line_1_29' title="bbox 94 2686 168 2758; baseline -0.135 0"><span class='ocrx_word' id='word_1_234' title='bbox 94 2686 168 2758; x_wconf 69' lang='lat' dir='ltr'><strong>fico.</strong></span> 
     </span>
    </p>
   </div>
   <div class='ocr_carea' id='block_1_8' title="bbox 66 2816 994 3842">
    <p class='ocr_par' dir='ltr' id='par_1_11' title="bbox 66 2816 994 3125">
     <span class='ocr_line' id='line_1_30' title="bbox 97 2816 994 2901; baseline 0.003 -24"><span class='ocrx_word' id='word_1_235' title='bbox 97 2816 323 2896; x_wconf 72' lang='lat' dir='ltr'><strong>DICTUMest</strong></span> <span class='ocrx_word' id='word_1_236' title='bbox 332 2820 370 2878; x_wconf 86' lang='grc' dir='ltr'><strong>Ν.</strong></span> <span class='ocrx_word' id='word_1_237' title='bbox 381 2841 470 2900; x_wconf 76' lang='lat' dir='ltr'><strong>pren.</strong></span> <span class='ocrx_word' id='word_1_238' title='bbox 481 2820 880 2901; x_wconf 70' lang='lat' dir='ltr'><strong>intellectumegereauxilio</strong></span> <span class='ocrx_word' id='word_1_239' title='bbox 889 2840 994 2901; x_wconf 78' lang='lat' dir='ltr'><strong>super·</strong></span> 
     </span>
     <span class='ocr_line' id='line_1_31' title="bbox 66 2898 994 2977; baseline 0.009 -23"><span class='ocrx_word' id='word_1_240' title='bbox 66 2898 194 2968; x_wconf 82' lang='lat' dir='ltr'><strong>naturali,</strong></span> <span class='ocrx_word' id='word_1_241' title='bbox 208 2910 244 2958; x_wconf 90' lang='lat' dir='ltr'><strong>ut</strong></span> <span class='ocrx_word' id='word_1_242' title='bbox 255 2901 357 2959; x_wconf 89' lang='lat' dir='ltr'><strong>Deum</strong></span> <span class='ocrx_word' id='word_1_243' title='bbox 370 2902 510 2963; x_wconf 68' lang='lat' dir='ltr'><strong>intuitiva</strong></span> <span class='ocrx_word' id='word_1_244' title='bbox 522 2902 629 2977; x_wconf 75' lang='lat' dir='ltr'><strong>vident</strong></span> <span class='ocrx_word' id='word_1_245' title='bbox 650 2901 808 2962; x_wconf 85' lang='lat' dir='ltr'><strong>Auxilium</strong></span> <span class='ocrx_word' id='word_1_246' title='bbox 820 2901 881 2965; x_wconf 84' lang='lat' dir='ltr'><strong>hoo</strong></span> <span class='ocrx_word' id='word_1_247' title='bbox 892 2901 994 2965; x_wconf 73' lang='lat' dir='ltr'><strong>sowi</strong></span> 
     </span>
     <span class='ocr_line' id='line_1_32' title="bbox 66 2975 994 3060; baseline 0.008 -27"><span class='ocrx_word' id='word_1_248' title='bbox 66 2975 128 3037; x_wconf 80' lang='lat' dir='ltr'><strong>tolet</strong></span> <span class='ocrx_word' id='word_1_249' title='bbox 162 2979 301 3038; x_wconf 87' lang='lat' dir='ltr'><strong>“lumen</strong></span> <span class='ocrx_word' id='word_1_250' title='bbox 314 2980 444 3058; x_wconf 81' lang='lat' dir='ltr'><strong>gloriae,”</strong></span> <span class='ocrx_word' id='word_1_251' title='bbox 469 2982 557 3060; x_wconf 84' lang='lat' dir='ltr'><strong>juxta</strong></span> <span class='ocrx_word' id='word_1_252' title='bbox 569 2981 646 3039; x_wconf 91' lang='lat' dir='ltr'><strong>illud</strong></span> <span class='ocrx_word' id='word_1_253' title='bbox 658 2983 706 3040; x_wconf 89' lang='lat' dir='ltr'><strong>Ps.</strong></span> <span class='ocrx_word' id='word_1_254' title='bbox 727 2989 774 3042; x_wconf 82' lang='lat'><strong>35.</strong></span> <span class='ocrx_word' id='word_1_255' title='bbox 785 3000 816 3042; x_wconf 87' lang='lat' dir='ltr'><strong>v.</strong></span> <span class='ocrx_word' id='word_1_256' title='bbox 832 2991 879 3044; x_wconf 89' lang='grc'><strong>10.</strong></span> <span class='ocrx_word' id='word_1_257' title='bbox 921 2991 941 3018; x_wconf 84' lang='lat'><strong>·‘</strong></span> <span class='ocrx_word' id='word_1_258' title='bbox 956 2983 994 3042; x_wconf 92' lang='lat' dir='ltr'><strong>In</strong></span> 
     </span>
     <span class='ocr_line' id='line_1_33' title="bbox 67 3055 594 3125; baseline 0.017 -11"><span class='ocrx_word' id='word_1_259' title='bbox 67 3060 82 3086; x_wconf 87' lang='lat'><strong>·‘</strong></span> <span class='ocrx_word' id='word_1_260' title='bbox 91 3055 205 3125; x_wconf 84' lang='lat' dir='ltr'><strong>lumine</strong></span> <span class='ocrx_word' id='word_1_261' title='bbox 218 3070 272 3118; x_wconf 87' lang='lat' dir='ltr'><strong>tuo</strong></span> <span class='ocrx_word' id='word_1_262' title='bbox 284 3060 451 3121; x_wconf 82' lang='lat' dir='ltr'><strong>videbimus</strong></span> <span class='ocrx_word' id='word_1_263' title='bbox 464 3063 594 3123; x_wconf 77' lang='lat' dir='ltr'><strong>lumen-&#39;⁹</strong></span> 
     </span>
    </p>

    <p class='ocr_par' dir='ltr' id='par_1_12' title="bbox 96 3137 912 3219">
     <span class='ocr_line' id='line_1_34' title="bbox 96 3137 912 3219; baseline 0.005 -22"><span class='ocrx_word' id='word_1_264' title='bbox 96 3137 251 3212; x_wconf 84' lang='lat' dir='ltr'><strong>Qnoeritur</strong></span> <span class='ocrx_word' id='word_1_265' title='bbox 259 3141 360 3217; x_wconf 76' lang='lat' dir='ltr'><strong>itaque</strong></span> <span class='ocrx_word' id='word_1_266' title='bbox 374 3141 437 3212; x_wconf 79' lang='lat' dir='ltr'><strong>hic,</strong></span> <span class='ocrx_word' id='word_1_267' title='bbox 448 3142 523 3219; x_wconf 86' lang='lat' dir='ltr'><strong>quid</strong></span> <span class='ocrx_word' id='word_1_268' title='bbox 536 3142 574 3200; x_wconf 89' lang='lat' dir='ltr'><strong>sit</strong></span> <span class='ocrx_word' id='word_1_269' title='bbox 587 3139 662 3201; x_wconf 85' lang='lat' dir='ltr'><strong>illud</strong></span> <span class='ocrx_word' id='word_1_270' title='bbox 675 3139 776 3200; x_wconf 90' lang='lat' dir='ltr'><strong>lumen</strong></span> <span class='ocrx_word' id='word_1_271' title='bbox 786 3140 912 3219; x_wconf 79' lang='lat' dir='ltr'><strong>gloriae?</strong></span> 
     </span>
    </p>

    <p class='ocr_par' dir='ltr' id='par_1_13' title="bbox 66 3216 990 3377">
     <span class='ocr_line' id='line_1_35' title="bbox 96 3216 990 3300; baseline 0.003 -25"><span class='ocrx_word' id='word_1_272' title='bbox 96 3216 120 3276; x_wconf 94' lang='grc' dir='ltr'><strong>Ι.</strong></span> <span class='ocrx_word' id='word_1_273' title='bbox 132 3218 167 3279; x_wconf 83' lang='lat' dir='ltr'><strong>n.</strong></span> <span class='ocrx_word' id='word_1_274' title='bbox 178 3221 237 3278; x_wconf 89' lang='lat' dir='ltr'><strong>Est</strong></span> <span class='ocrx_word' id='word_1_275' title='bbox 248 3221 374 3297; x_wconf 81' lang='lat' dir='ltr'><strong>qualitas</strong></span> <span class='ocrx_word' id='word_1_276' title='bbox 387 3221 630 3300; x_wconf 85' lang='lat' dir='ltr'><strong>supernaturalis,</strong></span> <span class='ocrx_word' id='word_1_277' title='bbox 637 3223 695 3298; x_wconf 71' lang='lat' dir='ltr'><strong>qut</strong></span> <span class='ocrx_word' id='word_1_278' title='bbox 700 3221 869 3281; x_wconf 84' lang='lat' dir='ltr'><strong>intellectus</strong></span> <span class='ocrx_word' id='word_1_279' title='bbox 874 3230 990 3280; x_wconf 85' lang='lat' dir='ltr'><strong>creatus</strong></span> 
     </span>
     <span class='ocr_line' id='line_1_36' title="bbox 66 3292 772 3377; baseline 0.006 -22"><span class='ocrx_word' id='word_1_280' title='bbox 66 3292 189 3358; x_wconf 75' lang='lat' dir='ltr'><strong>elevatur</strong></span> <span class='ocrx_word' id='word_1_281' title='bbox 202 3299 243 3358; x_wconf 78' lang='lat' dir='ltr'><strong>od</strong></span> <span class='ocrx_word' id='word_1_282' title='bbox 256 3300 422 3359; x_wconf 88' lang='lat' dir='ltr'><strong>videndum</strong></span> <span class='ocrx_word' id='word_1_283' title='bbox 437 3303 537 3361; x_wconf 84' lang='lat' dir='ltr'><strong>Deum</strong></span> <span class='ocrx_word' id='word_1_284' title='bbox 551 3301 698 3361; x_wconf 75' lang='lat' dir='ltr'><strong>intuitive.</strong></span> <span class='ocrx_word' id='word_1_285' title='bbox 769 3370 772 3377; x_wconf 89' lang='lat'><strong><em>.</em></strong></span> 
     </span>
    </p>

    <p class='ocr_par' dir='ltr' id='par_1_14' title="bbox 67 3376 992 3763">
     <span class='ocr_line' id='line_1_37' title="bbox 95 3376 992 3458; baseline 0.002 -21"><span class='ocrx_word' id='word_1_286' title='bbox 95 3376 233 3450; x_wconf 79' lang='lat' dir='ltr'><strong>Qualitas</strong></span> <span class='ocrx_word' id='word_1_287' title='bbox 253 3379 319 3441; x_wconf 85' lang='lat' dir='ltr'><strong>haec</strong></span> <span class='ocrx_word' id='word_1_288' title='bbox 331 3380 457 3441; x_wconf 71' lang='lat' dir='ltr'><strong>inhaeret</strong></span> <span class='ocrx_word' id='word_1_289' title='bbox 470 3382 635 3440; x_wconf 87' lang='lat' dir='ltr'><strong>intellectui</strong></span> <span class='ocrx_word' id='word_1_290' title='bbox 648 3400 702 3458; x_wconf 89' lang='lat' dir='ltr'><strong>per</strong></span> <span class='ocrx_word' id='word_1_291' title='bbox 722 3380 849 3442; x_wconf 88' lang='lat' dir='ltr'><strong>modum</strong></span> <span class='ocrx_word' id='word_1_292' title='bbox 863 3379 992 3452; x_wconf 78' lang='lat' dir='ltr'><strong>habitis,</strong></span> 
     </span>
     <span class='ocr_line' id='line_1_38' title="bbox 67 3456 992 3540; baseline 0.002 -23"><span class='ocrx_word' id='word_1_293' title='bbox 67 3456 151 3535; x_wconf 60' lang='lat' dir='ltr'><strong>&amp;per</strong></span> <span class='ocrx_word' id='word_1_294' title='bbox 165 3459 250 3529; x_wconf 77' lang='lat' dir='ltr'><strong>illam</strong></span> <span class='ocrx_word' id='word_1_295' title='bbox 273 3460 444 3521; x_wconf 82' lang='lat' dir='ltr'><strong>intellectus</strong></span> <span class='ocrx_word' id='word_1_296' title='bbox 457 3460 594 3520; x_wconf 82' lang='lat' dir='ltr'><strong>redditur</strong></span> <span class='ocrx_word' id='word_1_297' title='bbox 607 3471 723 3540; x_wconf 86' lang='lat' dir='ltr'><strong>potens,</strong></span> <span class='ocrx_word' id='word_1_298' title='bbox 744 3480 806 3520; x_wconf 89' lang='lat' dir='ltr'><strong>non</strong></span> <span class='ocrx_word' id='word_1_299' title='bbox 820 3459 914 3519; x_wconf 76' lang='lat' dir='ltr'><strong>solim</strong></span> <span class='ocrx_word' id='word_1_300' title='bbox 923 3479 992 3538; x_wconf 85' lang='lat' dir='ltr'><strong>pas·</strong></span> 
     </span>
     <span class='ocr_line' id='line_1_39' title="bbox 68 3532 991 3613; baseline 0.004 -19"><span class='ocrx_word' id='word_1_301' title='bbox 68 3532 125 3606; x_wconf 72' lang='lat' dir='ltr'><strong>sive,</strong></span> <span class='ocrx_word' id='word_1_302' title='bbox 149 3539 205 3598; x_wconf 85' lang='lat' dir='ltr'><strong>sed</strong></span> <span class='ocrx_word' id='word_1_303' title='bbox 228 3540 318 3599; x_wconf 85' lang='lat' dir='ltr'><strong>etiam</strong></span> <span class='ocrx_word' id='word_1_304' title='bbox 342 3542 446 3613; x_wconf 64' lang='lat' dir='ltr'><strong>activi,</strong></span> <span class='ocrx_word' id='word_1_305' title='bbox 460 3541 499 3600; x_wconf 85' lang='lat' dir='ltr'><strong>ad</strong></span> <span class='ocrx_word' id='word_1_306' title='bbox 521 3541 687 3600; x_wconf 78' lang='lat' dir='ltr'><strong>formaliter</strong></span> <span class='ocrx_word' id='word_1_307' title='bbox 700 3541 876 3601; x_wconf 88' lang='lat' dir='ltr'><strong>eliciendum</strong></span> <span class='ocrx_word' id='word_1_308' title='bbox 890 3551 991 3600; x_wconf 86' lang='lat' dir='ltr'><strong>actum</strong></span> 
     </span>
     <span class='ocr_line' id='line_1_40' title="bbox 70 3614 992 3703; baseline 0.005 -29"><span class='ocrx_word' id='word_1_309' title='bbox 70 3614 175 3679; x_wconf 80' lang='lat' dir='ltr'><strong>titionis</strong></span> <span class='ocrx_word' id='word_1_310' title='bbox 189 3620 273 3694; x_wconf 91' lang='lat' dir='ltr'><strong>Dei‚·</strong></span> <span class='ocrx_word' id='word_1_311' title='bbox 294 3620 382 3681; x_wconf 85' lang='lat' dir='ltr'><strong>sicuti</strong></span> <span class='ocrx_word' id='word_1_312' title='bbox 394 3641 449 3701; x_wconf 85' lang='lat' dir='ltr'><strong>per</strong></span> <span class='ocrx_word' id='word_1_313' title='bbox 462 3622 599 3681; x_wconf 86' lang='lat' dir='ltr'><strong>habitum</strong></span> <span class='ocrx_word' id='word_1_314' title='bbox 613 3620 683 3680; x_wconf 90' lang='lat' dir='ltr'><strong>fidei</strong></span> <span class='ocrx_word' id='word_1_315' title='bbox 696 3620 833 3682; x_wconf 87' lang='lat' dir='ltr'><strong>redditur</strong></span> <span class='ocrx_word' id='word_1_316' title='bbox 851 3630 943 3703; x_wconf 84' lang='lat' dir='ltr'><strong>aptus</strong></span> <span class='ocrx_word' id='word_1_317' title='bbox 953 3620 992 3679; x_wconf 83' lang='lat' dir='ltr'><strong>ad</strong></span> 
     </span>
     <span class='ocr_line' id='line_1_41' title="bbox 70 3692 966 3763; baseline 0.006 -2"><span class='ocrx_word' id='word_1_318' title='bbox 70 3692 217 3763; x_wconf 67' lang='lat' dir='ltr'><strong>tllriendos</strong></span> <span class='ocrx_word' id='word_1_319' title='bbox 225 3709 312 3763; x_wconf 85' lang='lat' dir='ltr'><strong>sotus</strong></span> <span class='ocrx_word' id='word_1_320' title='bbox 322 3700 403 3763; x_wconf 80' lang='lat' dir='ltr'><strong>fidei.</strong></span> <span class='ocrx_word' id='word_1_321' title='bbox 577 3712 582 3719; x_wconf 84' lang='lat'>&#39;</span> <span class='ocrx_word' id='word_1_322' title='bbox 881 3717 884 3722; x_wconf 85' lang='grc'><em>·</em></span> <span class='ocrx_word' id='word_1_323' title='bbox 963 3748 966 3752; x_wconf 87' lang='lat'><em>-</em></span> 
     </span>
    </p>

    <p class='ocr_par' dir='ltr' id='par_1_15' title="bbox 486 3788 546 3842">
     <span class='ocr_line' id='line_1_42' title="bbox 486 3788 546 3842; baseline 0.017 -1"><span class='ocrx_word' id='word_1_324' title='bbox 486 3799 510 3841; x_wconf 86' lang='lat' dir='ltr'><strong>o</strong></span> <span class='ocrx_word' id='word_1_325' title='bbox 524 3788 546 3842; x_wconf 72' lang='lat'><em>2</em></span> 
     </span>
    </p>
   </div>
   <div class='ocr_carea' id='block_1_9' title="bbox 0 0 1087 4072">
    <p class='ocr_par' dir='ltr' id='par_1_16' title="bbox 0 0 1087 4072">
     <span class='ocr_line' id='line_1_43' title="bbox 0 0 1087 4072; baseline 0 0"><span class='ocrx_word' id='word_1_326' title='bbox 0 0 1087 4072; x_wconf 95' lang='lat' dir='ltr'><strong> </strong></span> 
     </span>
    </p>
   </div>
  </div>
 </body>
</html>
