2160 4072
310 92 612 205 incertissimo.
739 102 753 125 ⁸
869 104 936 175 alr

39 277 205 337 metentur
218 278 249 333 st
260 268 448 338 retinenturt
470 274 490 303 “
500 269 733 349 aestimativam?
747 274 807 346 qui
823 288 871 333 res
884 288 937 328 ox-

39 367 88 405 nas
97 360 131 406 ut
140 348 196 406 sibi
209 348 472 406 convenientesvel
484 346 738 407 disconvenientes
746 350 895 426 percipit3
907 361 937 408 et

44 429 231 506 agnueiugit
239 429 345 506 lupum
353 441 495 506 tanqttstn
506 429 658 491 inimicum
670 441 793 497 naturus,
806 429 938 493 hirundo

39 507 104 585 ligit
116 509 234 587 paleam
245 522 279 570 ut
289 508 390 569 utilem
401 508 440 571 ud
450 507 673 579 nidificandum,
685 521 741 569 eto
751 528 786 571 sc
795 517 815 550 “
825 528 937 569 memo-

39 589 175 658 ativam,’'
198 595 258 667 qui
281 589 342 661 illa,
364 608 432 666 quae
451 609 506 666 per
527 591 731 653 estimativem
753 589 938 667 apprehensa

39 680 70 739 rt,
83 681 242 733 serventur
255 680 286 728 et
298 670 463 731 retinentur
473 692 484 731 ι
496 670 548 733 illa
557 671 645 731 etiarn
660 689 727 748 que
740 669 772 729 in
785 670 939 747 phanuel·

39 760 159 816 currunt,
183 752 339 813 memorari
362 751 515 816 dicuntur.
556 752 631 813 Hee
654 751 738 814 letitie
762 750 884 815 deducit
908 752 938 815 fl·

39 848 100 887 om.
116 841 225 906 quest.
240 838 287 895 78.
303 843 356 893 art
369 839 396 902 4.

39 910 88 969 Vl.
112 911 247 971 Potentia
264 911 427 988 appetitiva
444 911 556 989 duplex
577 923 631 980 est,
652 931 759 990 nempe
774 918 793 945 “
804 910 937 973 intellec·

39 993 96 1050 ,sa¹'
104 1010 157 1050 seu
169 998 188 1024 “
199 991 358 1061 rationalis,
369 1003 399 1051 et
407 992 574 1055 sensitiva.”
596 992 644 1051 Dc
655 992 748 1071 priori
761 991 857 1054 iniret
873 1012 939 1057 sen.

41 1090 145 1131 vassu
157 1072 308 1148 appetitus
329 1073 486 1135 sensitivus
501 1082 545 1129 est
558 1074 691 1148 potentis
712 1072 817 1135 snimae
838 1091 938 1148 prosc-

39 1170 88 1213 cns
100 1153 214 1211 bonum
230 1153 377 1223 sensibile,
393 1154 441 1213 vel
451 1153 571 1228 Fugiens
579 1153 689 1211 melum
702 1151 840 1213 sensibile
849 1152 940 1229 juxte

39 1231 259 1307 prebensionero
280 1233 452 1309 phantasiae,
473 1244 504 1295 et
520 1232 664 1295 dividitur
676 1231 709 1294 in
722 1231 938 1308 oncupiscibi.

39 1320 49 1366 i
64 1323 96 1369 et
108 1312 294 1370 irascibilem.

39 1392 124 1460 licta,
151 1392 230 1468 quid
249 1393 381 1468 praefatae
401 1390 541 1470 potentie
563 1402 705 1455 vocentur
728 1390 867 1453 animales
892 1395 938 1450 vel

39 1472 179 1541 ceriales;
195 1472 266 1548 quie
277 1485 452 1550 competunt
465 1473 588 1543 homini,
602 1471 747 1549 quetenirr
761 1472 869 1531 animal
883 1484 937 1542 est,

39 1563 120 1611 actus
133 1572 235 1619 earum
248 1553 281 1609 in
294 1573 417 1630 corpore
430 1553 625 1629 perficiuntur
636 1575 644 1613 t
667 1554 748 1615 unde
760 1552 871 1615 similes
883 1571 937 1628 po·

39 1633 98 1691 ntiae
111 1633 200 1691 etiam
215 1633 403 1709 reperiuntur
417 1633 448 1691 in
463 1634 566 1695 brutis.

39 1711 174 1791 insuper,
195 1713 225 1769 in
240 1714 358 1770 bomine
372 1734 431 1771 non
445 1713 476 1770 in
490 1715 585 1772 brutis
597 1712 788 1790 reperiuntur
799 1714 938 1790 potentio

39 1792 173 1862 rituales,
188 1812 295 1870 nempe
308 1794 487 1863 intellectus,
502 1796 586 1863 ratio,
601 1795 739 1855 voluntte
750 1803 783 1855 ct
797 1795 940 1857 memoria

38 1893 46 1928 ι
59 1873 292 1933 reminiscentia.

39 1953 106 2011 llll.
131 1953 305 2015 Intellectus
318 1965 363 2015 est
375 1956 507 2032 potentia
521 1955 681 2031 spiritualis
693 1951 852 2030 cognitiva,
868 1973 940 2030 qus-

39 2035 77 2089 rirs
97 2032 241 2109 intelligit
257 2035 353 2105 prima
365 2036 521 2113 principia,
542 2056 608 2112 quae
622 2055 676 2111 per
691 2035 786 2110 seipsa
800 2033 862 2090 sine
877 2033 937 2091 dis-

39 2132 84 2170 rsu
104 2114 313 2175 innotescuntt
332 2116 408 2177 ratio
427 2115 496 2175 verti
518 2128 572 2185 est,
596 2115 728 2192 potentia
749 2113 939 2186 intellectiva,

39 2197 139 2251 stents
153 2195 304 2268 cognoscit
325 2196 528 2254 conclusiones
542 2216 579 2253 ex
593 2195 696 2271 primis
711 2193 864 2272 principiis
885 2214 938 2273 per

39 2292 163 2332 cursum
183 2274 343 2334 deductas:
365 2288 455 2355 etque
473 2277 543 2338 hinc
561 2275 727 2334 intellectus
742 2286 772 2333 et
785 2274 860 2332 ratio
878 2294 937 2332 non
1008 2314 1013 2322 .

39 2365 64 2410 rt
74 2353 143 2412 duae
154 2355 294 2430 potentiae
305 2356 457 2414 distinctor.
482 2360 510 2416 S.
525 2356 631 2415 Thom.
643 2367 748 2432 quaestt
760 2362 808 2422 79.
822 2365 877 2412 art.
888 2362 916 2416 8.

39 2435 304 2495 Actusintellectirs
314 2438 457 2513 precipui
466 2450 535 2499 tunt
549 2444 570 2471 “
577 2436 754 2511 intelligere,
764 2434 938 2507 discurrere,

39 2515 208 2576 incudere?
222 2527 252 2576 et
272 2529 307 2576 ut
322 2519 346 2574 T
349 2517 483 2594 heologis
495 2517 604 2596 placet,
620 2515 783 2592 “judicare
793 2516 820 2582 ;’'
835 2534 937 2590 quarn-

39 2632 41 2643 ι
69 2594 238 2672 Philosophi
263 2597 382 2673 quidam
403 2598 550 2675 judicium
574 2615 636 2653 esse
660 2605 758 2652 actum
778 2592 939 2654 voluntatis

39 2675 185 2732 ntendant.

39 2755 208 2832 Quotuplea
217 2757 256 2817 tit
265 2757 398 2829 attentio,
412 2758 578 2836 explicetur
588 2758 619 2819 in
631 2757 731 2818 Trnct·
745 2762 766 2795 “
776 2753 814 2816 de
827 2754 937 2833 Religi-

39 2838 105 2894 Μ’
121 2837 213 2897 Num.
227 2845 277 2903 45.
290 2849 321 2898 et
334 2838 381 2898 46.
841 2877 842 2880 ¹

39 2917 133 2972 Docet
148 2917 177 2974 S.
189 2917 295 2975 Thom.
308 2931 407 2994 quaest.
423 2928 470 2976 84.
480 2930 534 2976 nrt.
546 2928 572 2984 7.
582 2916 666 2994 quid
676 2915 782 2986 anima,
794 2917 938 2994 quamdiu

39 2995 111 3053 trtsli
126 2998 243 3073 corpori
256 2999 416 3076 conjuncta
430 3013 483 3069 cst,
506 2999 679 3058 naturaliter
697 2997 864 3073 intelligere
883 3016 938 3060 ne·

39 3087 93 3147 cet,
108 3078 166 3135 nisi
179 3097 233 3154 per
246 3078 451 3154 phantasmate
463 3103 470 3137 ε
482 3092 516 3139 et
528 3079 598 3139 inde
611 3089 665 3147 est,
680 3077 762 3154 quid
774 3077 939 3153 spiritualia

39 3157 254 3232 prebendamua
270 3161 325 3219 sub
343 3161 472 3236 imagine
492 3172 633 3236 nunquam
655 3157 825 3225 materialia,
846 3174 936 3233 quom

39 3255 129 3293 rorem
144 3258 197 3314 per
211 3241 353 3296 rationem
364 3252 398 3299 et
409 3241 499 3301 tidem
513 3240 666 3315 corrigere
684 3238 845 3318 deberetis:
867 3236 938 3298 irinc
1007 3309 1010 3315 .

39 3335 84 3374 am
104 3330 161 3389 est,
184 3319 266 3394 quid
290 3319 378 3377 homo
399 3321 681 3397 perturbationem,
707 3319 768 3379 sive
788 3317 938 3381 lesionem

39 3398 590 3468 enueoewtcerebri‚‹leetituaturusu
600 3399 759 3461 retioolset
769 3396 819 3457 fiet
829 3414 937 3459 amens.

39 3476 189 3550 Quomodo
199 3481 455 3559 enbnticorpore
466 3493 598 3558 separeta
608 3478 939 3557 sinephantaamatein-

39 3557 131 3634 ligere
145 3560 247 3637 possit,
261 3562 392 3623 ostendit
406 3564 437 3621 S.
450 3562 557 3623 Thom.
570 3573 677 3636 quest.
691 3569 740 3629 89.
754 3568 809 3619 art
826 3567 852 3619 l·

41 3639 128 3701 Vlll.
154 3640 306 3710 Voluntas,
325 3661 380 3703 seu
397 3642 552 3719 appetitus
572 3641 771 3703 intellectisus
783 3638 939 3705 nutritio·
999 3670 1005 3680 x

39 3717 79 3789 lis,
92 3733 137 3787 est
146 3722 281 3795 potentia
292 3733 439 3799 appetens
454 3725 565 3785 bonurn
577 3722 667 3803 juxte
681 3719 959 3801 apprsbens'roners

39 3795 156 3858 elleettis.
198 3803 298 3859 Actus
320 3803 385 3880 ejus
406 3805 562 3885 praecipui
583 3812 694 3871 sunt“
707 3821 811 3877 mot,
827 3796 983 3863 ’similis
