2160 4072
292 110 338 153 nu
363 108 509 154 aorluus
533 111 702 156 numanus.
911 97 974 162 258

62 256 119 314 An
132 264 256 334 peceato
271 246 353 315 mer&
375 255 492 315 intema
506 256 537 315 in
550 256 617 317 loeo
630 276 713 318 sacro
735 260 890 328 commissa
903 254 974 323 inde

53 337 211 397 mtrahunt
222 335 374 395 malitium¹
382 337 552 416 sacrilegii?

66 416 127 481 XI.
139 417 176 474 R.
187 417 362 474 Com-unis
375 417 528 496 responsio
540 428 594 489 est,
610 418 691 497 quod
699 418 770 478 inde
783 439 843 479 non
858 432 974 485 contra.

53 506 102 554 snt
129 495 272 575 malitiam
297 497 399 556 saltem
423 498 576 569 mortalem
588 523 598 570 ;
623 500 693 577 quia
715 511 838 578 peccata
857 502 975 563 interna

53 594 89 635 on
102 576 211 634 dieunt
224 576 335 636 ‹lireco
344 578 485 636 ordinem
499 578 538 637 ad
548 578 648 638 locum
662 580 749 639 sicuti
763 590 903 646 externa:
917 585 975 642 nisi

53 657 108 716 nte
119 657 234 715 ratione
248 657 357 736 objecti
371 659 448 733 adsit
461 658 598 718 voluntas
608 660 799 739 perpetrandi
810 661 860 720 illa
867 662 898 720 in
909 663 976 723 loco

53 756 122 798 tero.
168 735 243 797 Vide
255 737 342 815 plura
355 739 388 797 in
401 740 500 798 Tract.
524 747 545 774 “
558 739 596 799 de
611 741 794 821 Religione⁰

53 895 71 953 ι.
91 858 208 964 rana
221 898 576 960 cmcunsranum
592 898 974 966 curnusanmnns.

55 1035 191 1130 miuus
204 1058 462 1134 montemagno
474 1061 564 1123 meaa
579 1070 605 1120 a
619 1061 810 1121 interamenta.
839 1062 880 1120 11.
903 1062 975 1121 ima

74 1139 165 1196 socios.
206 1139 266 1197 ΙΙΙ.
297 1139 388 1198 Cusus
407 1137 454 1196 ubi
478 1158 531 1198 non
554 1149 643 1199 mutat
665 1142 790 1219 speciem.
834 1144 888 1205 lV.
906 1141 976 1207 Qnoe

74 1218 161 1307 pediu
173 1217 354 1296 caprimenda
360 1219 392 1276 'in
402 1219 584 1297 conflacione.

78 1375 180 1449 QUID
196 1376 344 1454 significat
356 1377 578 1437 circumstantia
592 1386 612 1414 “
622 1377 734 1456 quibus
748 1377 865 1436 auxiliis
876 1382 915 1438 ?'’

79 1453 99 1513 1.
109 1457 142 1515 R.
158 1457 360 1530 Instrumenta
373 1458 421 1517 vel
438 1459 537 1531 media
548 1478 608 1516 non
622 1459 797 1529 essentialia,
826 1461 879 1517 sed
899 1461 975 1519 aeci-

53 1530 158 1615 [lentalia
171 1536 210 1595 ad
218 1548 319 1596 actum
333 1537 475 1609 adhibita,
491 1559 557 1618 quae
575 1538 690 1618 aliquid
701 1539 816 1598 faciunt
829 1539 867 1597 ad
888 1541 974 1598 boni-

53 1618 122 1674 Uem
134 1616 183 1676 rel
202 1617 345 1677 malitiam
366 1619 532 1697 augendam
557 1619 606 1677 vel
620 1620 831 1679 minuendam:
861 1641 888 1679 v.
904 1642 934 1699 g.
950 1622 974 1679 si

53 1693 101 1769 quis
113 1708 212 1756 utatur
233 1719 290 1777 ope
303 1697 446 1757 daemonis
460 1700 497 1757 ad
521 1700 693 1770 furandum,
719 1699 767 1758 vel
779 1701 870 1759 rebus
885 1702 974 1762 sacris

53 1770 299 1849 *fornicandum
313 1778 519 1850 occidendum,
543 1791 598 1839 etc.
643 1782 688 1839 Ita
701 1780 813 1838 Genea.
838 1800 903 1861 cap
924 1791 972 1842 24.

53 1846 148 1917 dineon
162 1872 192 1917 et
206 1859 282 1919 Levi
294 1870 494 1938 peccaverunt
507 1871 628 1939 peccato
639 1860 786 1935 sacrilegii
804 1860 974 1920 adhibendo

53 1928 284 2007 *armcisionem
298 1941 337 1999 ad
350 1940 545 1999 occidendum
557 1941 737 2000 Sichimitas.
751 1940 865 1998 Taliter
885 1942 975 2000 etiam

53 2012 176 2176 meet,
199 2019 252 2098 qui
270 2030 407 2079 meretur
425 2021 608 2080 confessione
632 2020 671 2078 ad
694 2019 914 2080 sollicitandum
936 2023 975 2080 ad

75 2175 111 2239 Π.
128 2181 205 2239 Haec
227 2179 448 2241 circumstantia
472 2181 558 2239 etiam
574 2180 696 2241 denotat
709 2181 812 2251 socios,
841 2183 894 2260 qui
907 2183 972 2242 fue-

53 2264 99 2319 rot
110 2259 240 2319 adhibiti
251 2261 290 2320 ad
303 2272 402 2321 actum
416 2262 537 2320 malum.

69 2336 116 2400 Da
128 2360 240 2411 casum,
255 2341 308 2400 ubi
323 2342 386 2401 haeo
401 2340 623 2402 circumstantia
636 2362 697 2401 non
710 2353 806 2401 mutat
814 2344 952 2421 speciem.

69 2416 129 2481 Ill.
146 2422 182 2480 R.
196 2422 281 2480 Talis
294 2433 348 2491 est,
369 2423 393 2481 si
413 2420 558 2492 sacerdos,
582 2443 621 2480 ne
634 2423 715 2500 legat
728 2422 825 2492 horas,
854 2423 975 2501 abjiciat

53 2492 215 2560 ltertiarium
230 2522 317 2561 suurn
331 2503 363 2560 in
375 2522 467 2572 mare,
496 2522 557 2583 quo
571 2503 605 2561 fit
619 2503 766 2580 impotens
780 2502 817 2560 ad
831 2502 974 2579 legendas

53 2590 113 2641 ”tas
121 2605 132 2655 3
153 2582 282 2661 abjectio
294 2583 355 2653 illa,
377 2603 442 2662 quae
460 2593 601 2660 tanquam
615 2582 748 2640 medium
762 2581 922 2642 adhibetur
936 2584 974 2642 ad

53 2651 172 2723 hmeius
186 2662 373 2741 implendum
386 2664 496 2722 malum
507 2662 704 2740 propositum,
719 2674 764 2721 est
779 2662 973 2722 circumstan-

53 2752 251 2821 {aggravans
260 2743 291 2800 in
304 2744 406 2802 eadem
421 2743 721 2822 specieomissionem
734 2742 883 2801 horarum.

57 2817 147 2882 Idem
161 2822 279 2882 videtur
291 2823 329 2882 (le
343 2844 387 2894 eo,
403 2825 454 2903 qui
468 2833 536 2904 post
549 2823 662 2882 furtum
673 2823 772 2881 omnia
785 2823 929 2901 dilapidat
938 2845 974 2883 ex

53 2915 87 2963 ro
96 2905 246 2980 impotens
255 2903 288 2962 tit
298 2903 336 2963 ad
349 2904 585 2964 restituendum:
602 2904 679 2963 sicut
692 2917 723 2962 et
732 2903 771 2962 de
783 2924 828 2975 eo,
840 2905 893 2983 qui
906 2915 975 2983 post

53 2993 131 3043 ’tum
146 2984 289 3043 castitatis
303 2986 449 3059 contrahit
463 2985 693 3042 matrimonium.

64 3065 201 3138 Quidam
221 3075 320 3123 tamen
335 3065 448 3136 volunt,
475 3064 556 3142 qubtl
578 3065 625 3124 his
639 3065 755 3124 casibus
769 3064 807 3124 ait
819 3075 976 3145 peccatum

53 3160 152 3203 tmero
166 3143 338 3219 distinctum
342 3169 353 3217 3
366 3146 437 3223 quia
445 3166 476 3204 se
489 3144 614 3204 reddere
624 3145 815 3222 impotentem
825 3156 976 3223 praecepto

53 3224 191 3304 aptando,
206 3226 223 3282 a
246 3245 324 3283 nova
336 3232 367 3284 et
379 3228 482 3305 pejore
496 3225 649 3284 voluntate
659 3227 821 3303 procedere
846 3225 975 3283 videtur.

67 3305 172 3365 Media
184 3304 235 3364 vel
247 3306 430 3384 praeambula
443 3306 482 3365 atl
493 3317 646 3382 peccatum
661 3307 693 3364 in
707 3326 737 3364 se
749 3326 810 3363 non
826 3305 911 3372 malm
923 3323 976 3362 ne·

53 3402 87 3444 ne
107 3385 252 3445 babentia
271 3384 428 3463 specialem
453 3386 669 3445 difformitatem
697 3386 735 3443 ad
762 3396 872 3454 aetum,
899 3385 976 3442 fiunt

53 3465 105 3524 ala
117 3487 174 3545 per
187 3466 345 3544 hoc,un
353 3467 551 3526 adhibeantur
566 3466 605 3524 ad
617 3477 721 3525 aetum
726 3465 849 3536 malum,
864 3475 894 3524 et
907 3485 976 3544 pos·

53 3557 98 3606 tnt
112 3546 295 3625 quandoque
309 3567 419 3625 ungere
432 3547 571 3605 malitiam
584 3546 617 3602 in
630 3546 733 3605 eadem
748 3546 855 3623 specie.

57 3627 213 3701 Quaenam
228 3624 327 3687 media
339 3627 451 3687 debent
461 3627 588 3706 exprimi
600 3626 633 3685 in
646 3625 852 3687 confessione?

68 3708 124 3765 lV.
139 3710 173 3766 R.
190 3707 289 3764 Media
305 3709 548 3781 extraordinaria,
561 3707 636 3768 item
651 3705 993 3769 entraordinar'uamul-

53 3786 124 3852 ΜΟ,
135 3787 255 3860 quiaest
263 3787 492 3850 circumstantia
499 3792 684 3855 notabiliter
697 3783 1019 3874 aggtauuna.bleb‘an

53 3862 148 3919 Trana.
161 3861 198 3919 de
209 3863 301 3923 Actia
314 3865 449 3930 Humum
495 3893 517 3934 z
