<?xml version="1.0" encoding="UTF-8"?>
<!DOCTYPE html PUBLIC "-//W3C//DTD XHTML 1.0 Transitional//EN"
    "http://www.w3.org/TR/xhtml1/DTD/xhtml1-transitional.dtd">
<html xmlns="http://www.w3.org/1999/xhtml" xml:lang="en" lang="en">
 <head>
  <title>
</title>
<meta http-equiv="Content-Type" content="text/html;charset=utf-8" />
  <meta name='ocr-system' content='tesseract 3.04.00' />
  <meta name='ocr-capabilities' content='ocr_page ocr_carea ocr_par ocr_line ocrx_word'/>
</head>
<body>
  <div class='ocr_page' id='page_1' title='image "./theologiamorali00densgoog_0118.png"; bbox 0 0 2160 4072; ppageno 0'>
   <div class='ocr_carea' id='block_1_1' title="bbox 341 39 995 86">
    <p class='ocr_par' dir='ltr' id='par_1_1' title="bbox 341 39 995 86">
     <span class='ocr_line' id='line_1_1' title="bbox 341 39 995 86; baseline 0.023 -15"><span class='ocrx_word' id='word_1_1' title='bbox 341 39 387 73; x_wconf 79' lang='lat' dir='ltr'>un</span> <span class='ocrx_word' id='word_1_2' title='bbox 406 39 451 73; x_wconf 72' lang='lat' dir='ltr'>ss·</span> <span class='ocrx_word' id='word_1_3' title='bbox 469 39 675 79; x_wconf 71' lang='lat' dir='ltr'>unanima.</span> <span class='ocrx_word' id='word_1_4' title='bbox 933 39 995 86; x_wconf 73' lang='lat' dir='ltr'>wo</span> 
     </span>
    </p>
   </div>
   <div class='ocr_carea' id='block_1_2' title="bbox 53 166 996 971">
    <p class='ocr_par' dir='ltr' id='par_1_2' title="bbox 53 166 996 338">
     <span class='ocr_line' id='line_1_2' title="bbox 53 166 996 263; baseline 0.017 -34"><span class='ocrx_word' id='word_1_5' title='bbox 53 171 218 251; x_wconf 84' lang='lat' dir='ltr'>rincipio;</span> <span class='ocrx_word' id='word_1_6' title='bbox 239 166 394 237; x_wconf 85' lang='lat' dir='ltr'>nonenim</span> <span class='ocrx_word' id='word_1_7' title='bbox 415 188 486 237; x_wconf 89' lang='lat' dir='ltr'>sunt</span> <span class='ocrx_word' id='word_1_8' title='bbox 504 178 566 239; x_wconf 90' lang='lat' dir='ltr'>duo</span> <span class='ocrx_word' id='word_1_9' title='bbox 578 180 726 262; x_wconf 83' lang='lat' dir='ltr'>principia</span> <span class='ocrx_word' id='word_1_10' title='bbox 740 182 870 263; x_wconf 88' lang='lat' dir='ltr'>Spiritus</span> <span class='ocrx_word' id='word_1_11' title='bbox 885 180 927 256; x_wconf 77' lang='grc'><strong>8.,</strong></span> <span class='ocrx_word' id='word_1_12' title='bbox 943 187 996 245; x_wconf 88' lang='lat' dir='ltr'>sed</span> 
     </span>
     <span class='ocr_line' id='line_1_3' title="bbox 53 254 995 338; baseline 0.014 -28"><span class='ocrx_word' id='word_1_13' title='bbox 53 273 147 324; x_wconf 87' lang='lat' dir='ltr'>num,</span> <span class='ocrx_word' id='word_1_14' title='bbox 159 263 199 312; x_wconf 92' lang='lat' dir='ltr'>ut</span> <span class='ocrx_word' id='word_1_15' title='bbox 207 254 368 315; x_wconf 70' lang='lat' dir='ltr'>definivere</span> <span class='ocrx_word' id='word_1_16' title='bbox 378 258 510 318; x_wconf 80' lang='lat' dir='ltr'>Consilia</span> <span class='ocrx_word' id='word_1_17' title='bbox 521 260 727 338; x_wconf 81' lang='lat' dir='ltr'>Lugdunense</span> <span class='ocrx_word' id='word_1_18' title='bbox 738 276 769 323; x_wconf 88' lang='lat' dir='ltr'>ct</span> <span class='ocrx_word' id='word_1_19' title='bbox 777 264 995 325; x_wconf 82' lang='lat' dir='ltr'><strong>Florentinum.</strong></span> 
     </span>
    </p>

    <p class='ocr_par' dir='ltr' id='par_1_3' title="bbox 53 332 996 501">
     <span class='ocr_line' id='line_1_4' title="bbox 75 332 996 424; baseline 0.016 -34"><span class='ocrx_word' id='word_1_20' title='bbox 75 332 121 393; x_wconf 85' lang='lat' dir='ltr'>ld</span> <span class='ocrx_word' id='word_1_21' title='bbox 142 336 257 413; x_wconf 89' lang='lat' dir='ltr'>probat</span> <span class='ocrx_word' id='word_1_22' title='bbox 277 334 307 394; x_wconf 82' lang='lat' dir='ltr'>S.</span> <span class='ocrx_word' id='word_1_23' title='bbox 329 336 436 397; x_wconf 76' lang='lat' dir='ltr'>Thoan.</span> <span class='ocrx_word' id='word_1_24' title='bbox 459 359 490 418; x_wconf 90' lang='lat' dir='ltr'>q.</span> <span class='ocrx_word' id='word_1_25' title='bbox 514 341 562 402; x_wconf 80' lang='lat'>36.</span> <span class='ocrx_word' id='word_1_26' title='bbox 588 353 642 401; x_wconf 81' lang='lat' dir='ltr'>art.</span> <span class='ocrx_word' id='word_1_27' title='bbox 670 352 710 418; x_wconf 84' lang='grc'>4,·</span> <span class='ocrx_word' id='word_1_28' title='bbox 733 346 804 424; x_wconf 89' lang='lat' dir='ltr'>quia</span> <span class='ocrx_word' id='word_1_29' title='bbox 817 347 847 404; x_wconf 92' lang='lat' dir='ltr'>in</span> <span class='ocrx_word' id='word_1_30' title='bbox 864 348 953 405; x_wconf 81' lang='lat' dir='ltr'>Patre</span> <span class='ocrx_word' id='word_1_31' title='bbox 966 358 996 405; x_wconf 90' lang='lat' dir='ltr'>et</span> 
     </span>
     <span class='ocr_line' id='line_1_5' title="bbox 53 413 713 501; baseline 0.015 -30"><span class='ocrx_word' id='word_1_32' title='bbox 53 413 121 473; x_wconf 67' lang='lat' dir='ltr'>filio</span> <span class='ocrx_word' id='word_1_33' title='bbox 137 425 187 474; x_wconf 84' lang='lat' dir='ltr'>est</span> <span class='ocrx_word' id='word_1_34' title='bbox 201 428 262 475; x_wconf 74' lang='lat' dir='ltr'>una</span> <span class='ocrx_word' id='word_1_35' title='bbox 275 416 438 495; x_wconf 67' lang='lat' dir='ltr'>eadnque</span> <span class='ocrx_word' id='word_1_36' title='bbox 452 420 549 479; x_wconf 88' lang='lat' dir='ltr'>virtus</span> <span class='ocrx_word' id='word_1_37' title='bbox 562 423 713 501; x_wconf 81' lang='lat' dir='ltr'>spirativa.</span> 
     </span>
    </p>

    <p class='ocr_par' dir='ltr' id='par_1_4' title="bbox 53 495 996 739">
     <span class='ocr_line' id='line_1_6' title="bbox 79 495 995 584; baseline 0.014 -31"><span class='ocrx_word' id='word_1_38' title='bbox 79 495 157 555; x_wconf 90' lang='lat' dir='ltr'>Diei</span> <span class='ocrx_word' id='word_1_39' title='bbox 180 495 292 577; x_wconf 85' lang='lat' dir='ltr'>itaque¹</span> <span class='ocrx_word' id='word_1_40' title='bbox 303 508 402 577; x_wconf 81' lang='lat' dir='ltr'>potest</span> <span class='ocrx_word' id='word_1_41' title='bbox 417 500 506 579; x_wconf 84' lang='lat' dir='ltr'>juxta</span> <span class='ocrx_word' id='word_1_42' title='bbox 527 502 646 580; x_wconf 85' lang='lat' dir='ltr'>regulas</span> <span class='ocrx_word' id='word_1_43' title='bbox 660 524 751 584; x_wconf 84' lang='lat' dir='ltr'>supra</span> <span class='ocrx_word' id='word_1_44' title='bbox 762 506 897 576; x_wconf 86' lang='lat' dir='ltr'>traditas,</span> <span class='ocrx_word' id='word_1_45' title='bbox 913 506 995 584; x_wconf 74' lang='lat' dir='ltr'>quod</span> 
     </span>
     <span class='ocr_line' id='line_1_7' title="bbox 53 574 996 666; baseline 0.011 -31"><span class='ocrx_word' id='word_1_46' title='bbox 53 574 133 641; x_wconf 65' lang='lat' dir='ltr'>¹inter</span> <span class='ocrx_word' id='word_1_47' title='bbox 148 588 181 637; x_wconf 93' lang='lat' dir='ltr'>et</span> <span class='ocrx_word' id='word_1_48' title='bbox 197 576 293 636; x_wconf 84' lang='lat' dir='ltr'>Filius</span> <span class='ocrx_word' id='word_1_49' title='bbox 306 578 366 638; x_wconf 89' lang='lat' dir='ltr'>sint</span> <span class='ocrx_word' id='word_1_50' title='bbox 379 580 440 639; x_wconf 87' lang='lat' dir='ltr'>duo</span> <span class='ocrx_word' id='word_1_51' title='bbox 454 583 610 659; x_wconf 76' lang='lat' dir='ltr'>spirantes,</span> <span class='ocrx_word' id='word_1_52' title='bbox 624 585 737 645; x_wconf 91' lang='lat' dir='ltr'>scilicet</span> <span class='ocrx_word' id='word_1_53' title='bbox 760 587 918 666; x_wconf 68' lang='lat' dir='ltr'>adjective,</span> <span class='ocrx_word' id='word_1_54' title='bbox 943 588 996 645; x_wconf 86' lang='lat' dir='ltr'>sed</span> 
     </span>
     <span class='ocr_line' id='line_1_8' title="bbox 53 656 736 739; baseline 0.013 -24"><span class='ocrx_word' id='word_1_55' title='bbox 53 674 104 715; x_wconf 83' lang='lat' dir='ltr'>ton</span> <span class='ocrx_word' id='word_1_56' title='bbox 119 656 208 735; x_wconf 77' lang='lat' dir='ltr'>quod</span> <span class='ocrx_word' id='word_1_57' title='bbox 222 658 280 716; x_wconf 84' lang='lat' dir='ltr'>sint</span> <span class='ocrx_word' id='word_1_58' title='bbox 295 658 356 718; x_wconf 92' lang='lat' dir='ltr'>duo</span> <span class='ocrx_word' id='word_1_59' title='bbox 370 661 530 739; x_wconf 87' lang='lat' dir='ltr'>spiratores</span> <span class='ocrx_word' id='word_1_60' title='bbox 544 665 736 724; x_wconf 69' lang='lat' dir='ltr'>substantive.</span> 
     </span>
    </p>

    <p class='ocr_par' dir='ltr' id='par_1_5' title="bbox 53 736 996 971">
     <span class='ocr_line' id='line_1_9' title="bbox 84 736 995 819; baseline 0.01 -24"><span class='ocrx_word' id='word_1_61' title='bbox 84 736 238 809; x_wconf 78' lang='lat' dir='ltr'>Observa,</span> <span class='ocrx_word' id='word_1_62' title='bbox 250 740 332 817; x_wconf 76' lang='lat' dir='ltr'>quod</span> <span class='ocrx_word' id='word_1_63' title='bbox 338 743 541 819; x_wconf 76' lang='lat' dir='ltr'>processiones</span> <span class='ocrx_word' id='word_1_64' title='bbox 551 744 583 802; x_wconf 92' lang='lat' dir='ltr'>in</span> <span class='ocrx_word' id='word_1_65' title='bbox 594 746 714 805; x_wconf 87' lang='lat' dir='ltr'>Divinis</span> <span class='ocrx_word' id='word_1_66' title='bbox 722 748 761 806; x_wconf 91' lang='lat' dir='ltr'>ad</span> <span class='ocrx_word' id='word_1_67' title='bbox 771 748 850 807; x_wconf 87' lang='lat' dir='ltr'>intra</span> <span class='ocrx_word' id='word_1_68' title='bbox 857 746 995 805; x_wconf 86' lang='lat' dir='ltr'>dicantur</span> 
     </span>
     <span class='ocr_line' id='line_1_10' title="bbox 53 818 996 908; baseline 0.007 -31"><span class='ocrx_word' id='word_1_69' title='bbox 53 836 109 877; x_wconf 81' lang='lat' dir='ltr'>esse</span> <span class='ocrx_word' id='word_1_70' title='bbox 123 818 303 879; x_wconf 78' lang='lat' dir='ltr'>voluntariae</span> <span class='ocrx_word' id='word_1_71' title='bbox 311 844 322 893; x_wconf 69' lang='grc' dir='ltr'><strong><em>ς</em></strong></span> <span class='ocrx_word' id='word_1_72' title='bbox 341 823 412 900; x_wconf 85' lang='lat' dir='ltr'>quia</span> <span class='ocrx_word' id='word_1_73' title='bbox 429 843 490 881; x_wconf 93' lang='lat' dir='ltr'>non</span> <span class='ocrx_word' id='word_1_74' title='bbox 511 835 581 883; x_wconf 90' lang='lat' dir='ltr'>sunt</span> <span class='ocrx_word' id='word_1_75' title='bbox 594 836 719 908; x_wconf 74' lang='lat' dir='ltr'>coactae:</span> <span class='ocrx_word' id='word_1_76' title='bbox 740 848 802 888; x_wconf 94' lang='lat' dir='ltr'>non</span> <span class='ocrx_word' id='word_1_77' title='bbox 816 839 886 887; x_wconf 89' lang='lat' dir='ltr'>sunt</span> <span class='ocrx_word' id='word_1_78' title='bbox 899 840 996 886; x_wconf 88' lang='lat' dir='ltr'>tamen</span> 
     </span>
     <span class='ocr_line' id='line_1_11' title="bbox 53 898 754 971; baseline 0.011 -12"><span class='ocrx_word' id='word_1_79' title='bbox 53 898 161 971; x_wconf 84' lang='lat' dir='ltr'>iiberoe,</span> <span class='ocrx_word' id='word_1_80' title='bbox 177 899 231 958; x_wconf 91' lang='lat' dir='ltr'>sed</span> <span class='ocrx_word' id='word_1_81' title='bbox 244 902 415 961; x_wconf 81' lang='lat' dir='ltr'>necessaria</span> <span class='ocrx_word' id='word_1_82' title='bbox 431 906 604 966; x_wconf 81' lang='lat' dir='ltr'>necessitate</span> <span class='ocrx_word' id='word_1_83' title='bbox 618 909 754 968; x_wconf 86' lang='lat' dir='ltr'>naturali.</span> 
     </span>
    </p>
   </div>
   <div class='ocr_carea' id='block_1_3' title="bbox 53 1050 994 1133">
    <p class='ocr_par' dir='ltr' id='par_1_6' title="bbox 53 1050 994 1133">
     <span class='ocr_line' id='line_1_12' title="bbox 53 1050 994 1133; baseline 0.014 -14"><span class='ocrx_word' id='word_1_84' title='bbox 53 1050 91 1120; x_wconf 76' lang='grc'>11.</span> <span class='ocrx_word' id='word_1_85' title='bbox 105 1069 155 1129; x_wconf 85' lang='grc'><strong>75.</strong></span> <span class='ocrx_word' id='word_1_86' title='bbox 168 1062 229 1121; x_wconf 88' lang='lat' dir='ltr'>DE</span> <span class='ocrx_word' id='word_1_87' title='bbox 245 1062 413 1123; x_wconf 88' lang='lat' dir='ltr'>ORDINE</span> <span class='ocrx_word' id='word_1_88' title='bbox 425 1066 558 1127; x_wconf 89' lang='lat' dir='ltr'>INTER</span> <span class='ocrx_word' id='word_1_89' title='bbox 569 1066 751 1130; x_wconf 89' lang='lat' dir='ltr'>DIVINAS</span> <span class='ocrx_word' id='word_1_90' title='bbox 761 1071 994 1133; x_wconf 83' lang='lat' dir='ltr'>PERSONAS.</span> 
     </span>
    </p>
   </div>
   <div class='ocr_carea' id='block_1_4' title="bbox 58 1220 996 1461">
    <p class='ocr_par' dir='ltr' id='par_1_7' title="bbox 58 1220 996 1461">
     <span class='ocr_line' id='line_1_13' title="bbox 58 1220 996 1310; baseline 0.013 -32"><span class='ocrx_word' id='word_1_91' title='bbox 58 1220 135 1279; x_wconf 75' lang='lat' dir='ltr'>1.1n</span> <span class='ocrx_word' id='word_1_92' title='bbox 160 1220 281 1282; x_wconf 78' lang='lat' dir='ltr'>Divinis</span> <span class='ocrx_word' id='word_1_93' title='bbox 305 1233 345 1285; x_wconf 79' lang='lat' dir='ltr'>est</span> <span class='ocrx_word' id='word_1_94' title='bbox 372 1227 441 1287; x_wconf 83' lang='lat' dir='ltr'>ordo</span> <span class='ocrx_word' id='word_1_95' title='bbox 461 1228 592 1308; x_wconf 79' lang='lat' dir='ltr'>originis.</span> <span class='ocrx_word' id='word_1_96' title='bbox 634 1232 677 1289; x_wconf 87' lang='lat'>11.</span> <span class='ocrx_word' id='word_1_97' title='bbox 699 1230 766 1288; x_wconf 84' lang='lat' dir='ltr'>Non</span> <span class='ocrx_word' id='word_1_98' title='bbox 792 1235 922 1310; x_wconf 81' lang='lat' dir='ltr'>tenrporir</span> <span class='ocrx_word' id='word_1_99' title='bbox 945 1242 996 1291; x_wconf 74' lang='lat' dir='ltr'>orit</span> 
     </span>
     <span class='ocr_line' id='line_1_14' title="bbox 90 1302 996 1388; baseline 0.014 -30"><span class='ocrx_word' id='word_1_100' title='bbox 90 1302 259 1363; x_wconf 77' lang='lat' dir='ltr'>durationis.</span> <span class='ocrx_word' id='word_1_101' title='bbox 302 1305 363 1365; x_wconf 88' lang='grc' dir='ltr'><strong>ΙΙΙ.</strong></span> <span class='ocrx_word' id='word_1_102' title='bbox 389 1307 460 1366; x_wconf 83' lang='lat' dir='ltr'>Trea</span> <span class='ocrx_word' id='word_1_103' title='bbox 476 1328 605 1388; x_wconf 79' lang='lat' dir='ltr'>persona</span> <span class='ocrx_word' id='word_1_104' title='bbox 627 1318 692 1368; x_wconf 81' lang='lat' dir='ltr'>aunt</span> <span class='ocrx_word' id='word_1_105' title='bbox 712 1320 854 1369; x_wconf 69' lang='lat' dir='ltr'>coaeternae</span> <span class='ocrx_word' id='word_1_106' title='bbox 874 1325 900 1372; x_wconf 87' lang='lat' dir='ltr'>et</span> <span class='ocrx_word' id='word_1_107' title='bbox 927 1332 996 1373; x_wconf 84' lang='lat' dir='ltr'>cooe-</span> 
     </span>
     <span class='ocr_line' id='line_1_15' title="bbox 91 1382 553 1461; baseline 0.011 -22"><span class='ocrx_word' id='word_1_108' title='bbox 91 1382 196 1461; x_wconf 77' lang='lat' dir='ltr'>quales.</span> <span class='ocrx_word' id='word_1_109' title='bbox 239 1385 293 1444; x_wconf 92' lang='lat' dir='ltr'>IV.</span> <span class='ocrx_word' id='word_1_110' title='bbox 317 1384 553 1447; x_wconf 80' lang='lat' dir='ltr'>Circuminaesaio.</span> 
     </span>
    </p>
   </div>
   <div class='ocr_carea' id='block_1_5' title="bbox 53 1512 1018 3850">
    <p class='ocr_par' dir='ltr' id='par_1_8' title="bbox 92 1512 714 1582">
     <span class='ocr_line' id='line_1_16' title="bbox 92 1512 714 1582; baseline 0.019 -12"><span class='ocrx_word' id='word_1_111' title='bbox 92 1512 152 1572; x_wconf 79' lang='lat' dir='ltr'>AN</span> <span class='ocrx_word' id='word_1_112' title='bbox 166 1515 245 1574; x_wconf 89' lang='lat' dir='ltr'>inter</span> <span class='ocrx_word' id='word_1_113' title='bbox 259 1517 387 1576; x_wconf 88' lang='lat' dir='ltr'>Divinas</span> <span class='ocrx_word' id='word_1_114' title='bbox 402 1519 545 1578; x_wconf 87' lang='lat' dir='ltr'>Personas</span> <span class='ocrx_word' id='word_1_115' title='bbox 560 1528 605 1578; x_wconf 88' lang='lat' dir='ltr'>est</span> <span class='ocrx_word' id='word_1_116' title='bbox 619 1520 714 1582; x_wconf 89' lang='lat' dir='ltr'>ordo?</span> 
     </span>
    </p>

    <p class='ocr_par' dir='ltr' id='par_1_9' title="bbox 60 1593 999 1922">
     <span class='ocr_line' id='line_1_17' title="bbox 94 1593 995 1682; baseline 0.011 -29"><span class='ocrx_word' id='word_1_117' title='bbox 94 1593 117 1649; x_wconf 84' lang='grc' dir='ltr'><strong>Ι.</strong></span> <span class='ocrx_word' id='word_1_118' title='bbox 139 1596 175 1654; x_wconf 87' lang='lat' dir='ltr'>R.</span> <span class='ocrx_word' id='word_1_119' title='bbox 201 1618 279 1659; x_wconf 88' lang='lat' dir='ltr'>cum.</span> <span class='ocrx_word' id='word_1_120' title='bbox 306 1600 336 1658; x_wconf 89' lang='lat' dir='ltr'>S.</span> <span class='ocrx_word' id='word_1_121' title='bbox 359 1599 467 1659; x_wconf 88' lang='lat' dir='ltr'>Thom.</span> <span class='ocrx_word' id='word_1_122' title='bbox 493 1612 589 1679; x_wconf 84' lang='lat' dir='ltr'>quaest</span> <span class='ocrx_word' id='word_1_123' title='bbox 613 1610 660 1661; x_wconf 71' lang='lat'>42.</span> <span class='ocrx_word' id='word_1_124' title='bbox 685 1613 739 1662; x_wconf 86' lang='lat' dir='ltr'>art.</span> <span class='ocrx_word' id='word_1_125' title='bbox 762 1612 790 1663; x_wconf 86' lang='lat'>5.</span> <span class='ocrx_word' id='word_1_126' title='bbox 813 1602 896 1682; x_wconf 80' lang='lat' dir='ltr'>quod</span> <span class='ocrx_word' id='word_1_127' title='bbox 917 1606 995 1665; x_wconf 84' lang='lat' dir='ltr'>iuter·</span> 
     </span>
     <span class='ocr_line' id='line_1_18' title="bbox 61 1670 999 1761; baseline 0.017 -32"><span class='ocrx_word' id='word_1_128' title='bbox 61 1670 179 1734; x_wconf 87' lang='lat' dir='ltr'>Divinas</span> <span class='ocrx_word' id='word_1_129' title='bbox 189 1678 333 1740; x_wconf 81' lang='lat' dir='ltr'>Personas</span> <span class='ocrx_word' id='word_1_130' title='bbox 347 1681 386 1740; x_wconf 85' lang='lat' dir='ltr'>sit</span> <span class='ocrx_word' id='word_1_131' title='bbox 396 1680 470 1740; x_wconf 89' lang='lat' dir='ltr'>ordo</span> <span class='ocrx_word' id='word_1_132' title='bbox 479 1681 613 1761; x_wconf 86' lang='lat' dir='ltr'>originis,</span> <span class='ocrx_word' id='word_1_133' title='bbox 625 1703 686 1761; x_wconf 91' lang='lat' dir='ltr'>quo</span> <span class='ocrx_word' id='word_1_134' title='bbox 698 1704 758 1742; x_wconf 91' lang='lat' dir='ltr'>una</span> <span class='ocrx_word' id='word_1_135' title='bbox 768 1685 858 1743; x_wconf 84' lang='lat' dir='ltr'>catab</span> <span class='ocrx_word' id='word_1_136' title='bbox 866 1685 924 1745; x_wconf 91' lang='lat' dir='ltr'>alia</span> <span class='ocrx_word' id='word_1_137' title='bbox 935 1688 999 1745; x_wconf 86' lang='lat' dir='ltr'>sinc</span> 
     </span>
     <span class='ocr_line' id='line_1_19' title="bbox 60 1754 997 1845; baseline 0.007 -27"><span class='ocrx_word' id='word_1_138' title='bbox 60 1754 216 1829; x_wconf 56' lang='lat' dir='ltr'>murium.</span> <span class='ocrx_word' id='word_1_139' title='bbox 234 1763 359 1823; x_wconf 83' lang='lat' dir='ltr'>Ratione</span> <span class='ocrx_word' id='word_1_140' title='bbox 367 1764 457 1842; x_wconf 91' lang='lat' dir='ltr'>hujus</span> <span class='ocrx_word' id='word_1_141' title='bbox 469 1762 582 1821; x_wconf 84' lang='lat' dir='ltr'>ordinis</span> <span class='ocrx_word' id='word_1_142' title='bbox 599 1765 685 1823; x_wconf 86' lang='lat' dir='ltr'>Pater</span> <span class='ocrx_word' id='word_1_143' title='bbox 699 1762 811 1823; x_wconf 88' lang='lat' dir='ltr'>dicitur</span> <span class='ocrx_word' id='word_1_144' title='bbox 824 1765 997 1845; x_wconf 86' lang='lat' dir='ltr'>primaper·</span> 
     </span>
     <span class='ocr_line' id='line_1_20' title="bbox 63 1841 796 1922; baseline 0.007 -23"><span class='ocrx_word' id='word_1_145' title='bbox 63 1852 134 1897; x_wconf 70' lang='lat' dir='ltr'>lom.</span> <span class='ocrx_word' id='word_1_146' title='bbox 147 1841 246 1904; x_wconf 87' lang='lat' dir='ltr'>Filius</span> <span class='ocrx_word' id='word_1_147' title='bbox 259 1843 398 1915; x_wconf 90' lang='lat' dir='ltr'>secunda,</span> <span class='ocrx_word' id='word_1_148' title='bbox 415 1841 545 1922; x_wconf 89' lang='lat' dir='ltr'>Spiritus</span> <span class='ocrx_word' id='word_1_149' title='bbox 561 1844 687 1903; x_wconf 86' lang='lat' dir='ltr'>Sanctus</span> <span class='ocrx_word' id='word_1_150' title='bbox 700 1846 796 1904; x_wconf 88' lang='lat' dir='ltr'>tertia.</span> 
     </span>
    </p>

    <p class='ocr_par' dir='ltr' id='par_1_10' title="bbox 63 1915 997 2081">
     <span class='ocr_line' id='line_1_21' title="bbox 96 1915 997 2002; baseline 0.004 -20"><span class='ocrx_word' id='word_1_151' title='bbox 96 1915 137 1976; x_wconf 79' lang='lat' dir='ltr'>ll·</span> <span class='ocrx_word' id='word_1_152' title='bbox 159 1922 254 1983; x_wconf 90' lang='lat' dir='ltr'>Nulla</span> <span class='ocrx_word' id='word_1_153' title='bbox 272 1935 372 1985; x_wconf 86' lang='lat' dir='ltr'>tamen</span> <span class='ocrx_word' id='word_1_154' title='bbox 392 1925 469 1982; x_wconf 90' lang='lat' dir='ltr'>inter</span> <span class='ocrx_word' id='word_1_155' title='bbox 491 1924 634 1983; x_wconf 88' lang='lat' dir='ltr'>Personas</span> <span class='ocrx_word' id='word_1_156' title='bbox 649 1925 776 1984; x_wconf 88' lang='lat' dir='ltr'>Divinas</span> <span class='ocrx_word' id='word_1_157' title='bbox 790 1937 836 1984; x_wconf 87' lang='lat' dir='ltr'>est</span> <span class='ocrx_word' id='word_1_158' title='bbox 859 1927 997 2002; x_wconf 82' lang='lat' dir='ltr'>prioritas</span> 
     </span>
     <span class='ocr_line' id='line_1_22' title="bbox 63 2002 889 2081; baseline -0.002 -16"><span class='ocrx_word' id='word_1_159' title='bbox 63 2002 195 2081; x_wconf 59' lang='lat' dir='ltr'>impotis</span> <span class='ocrx_word' id='word_1_160' title='bbox 208 2018 261 2065; x_wconf 86' lang='lat' dir='ltr'>aut</span> <span class='ocrx_word' id='word_1_161' title='bbox 275 2005 459 2075; x_wconf 87' lang='lat' dir='ltr'>durationis;</span> <span class='ocrx_word' id='word_1_162' title='bbox 482 2014 553 2063; x_wconf 91' lang='lat' dir='ltr'>sunt</span> <span class='ocrx_word' id='word_1_163' title='bbox 565 2004 644 2062; x_wconf 82' lang='lat' dir='ltr'>enirn</span> <span class='ocrx_word' id='word_1_164' title='bbox 659 2004 715 2063; x_wconf 89' lang='lat' dir='ltr'>sibi</span> <span class='ocrx_word' id='word_1_165' title='bbox 730 2015 889 2064; x_wconf 84' lang='lat' dir='ltr'>coaeternoe.</span> 
     </span>
    </p>

    <p class='ocr_par' dir='ltr' id='par_1_11' title="bbox 66 2079 996 2246">
     <span class='ocr_line' id='line_1_23' title="bbox 96 2079 996 2166; baseline 0.003 -21"><span class='ocrx_word' id='word_1_166' title='bbox 96 2079 165 2166; x_wconf 86' lang='lat' dir='ltr'>0bj.</span> <span class='ocrx_word' id='word_1_167' title='bbox 182 2088 208 2146; x_wconf 89' lang='lat'>1.</span> <span class='ocrx_word' id='word_1_168' title='bbox 219 2088 349 2147; x_wconf 89' lang='lat' dir='ltr'>Persona</span> <span class='ocrx_word' id='word_1_169' title='bbox 358 2085 505 2166; x_wconf 84' lang='lat' dir='ltr'>producta</span> <span class='ocrx_word' id='word_1_170' title='bbox 513 2085 604 2143; x_wconf 86' lang='lat' dir='ltr'>habet</span> <span class='ocrx_word' id='word_1_171' title='bbox 611 2083 811 2164; x_wconf 89' lang='lat' dir='ltr'>principium:</span> <span class='ocrx_word' id='word_1_172' title='bbox 824 2106 896 2165; x_wconf 79' lang='lat' dir='ltr'>ergo</span> <span class='ocrx_word' id='word_1_173' title='bbox 907 2088 996 2147; x_wconf 87' lang='lat' dir='ltr'>etiam</span> 
     </span>
     <span class='ocr_line' id='line_1_24' title="bbox 66 2158 856 2246; baseline -0.009 -18"><span class='ocrx_word' id='word_1_174' title='bbox 66 2158 119 2236; x_wconf 64' lang='grc' dir='ltr'>ο1118</span> <span class='ocrx_word' id='word_1_175' title='bbox 131 2170 251 2231; x_wconf 90' lang='lat' dir='ltr'>duratio</span> <span class='ocrx_word' id='word_1_176' title='bbox 265 2169 357 2229; x_wconf 88' lang='lat' dir='ltr'>habet</span> <span class='ocrx_word' id='word_1_177' title='bbox 368 2165 563 2246; x_wconf 90' lang='lat' dir='ltr'>principium.</span> <span class='ocrx_word' id='word_1_178' title='bbox 854 2230 856 2235; x_wconf 40' lang='grc'><strong>,</strong></span> 
     </span>
    </p>

    <p class='ocr_par' dir='ltr' id='par_1_12' title="bbox 67 2245 998 2408">
     <span class='ocr_line' id='line_1_25' title="bbox 98 2245 995 2328; baseline -0.002 -18"><span class='ocrx_word' id='word_1_179' title='bbox 98 2246 129 2305; x_wconf 83' lang='lat' dir='ltr'>R·</span> <span class='ocrx_word' id='word_1_180' title='bbox 146 2252 224 2310; x_wconf 86' lang='lat' dir='ltr'>Dist.</span> <span class='ocrx_word' id='word_1_181' title='bbox 247 2270 365 2328; x_wconf 86' lang='lat' dir='ltr'>conseq.</span> <span class='ocrx_word' id='word_1_182' title='bbox 387 2268 460 2326; x_wconf 85' lang='lat' dir='ltr'>ergo</span> <span class='ocrx_word' id='word_1_183' title='bbox 481 2247 546 2326; x_wconf 84' lang='lat' dir='ltr'>ejus</span> <span class='ocrx_word' id='word_1_184' title='bbox 566 2245 684 2307; x_wconf 86' lang='lat' dir='ltr'>duratio</span> <span class='ocrx_word' id='word_1_185' title='bbox 703 2248 795 2307; x_wconf 85' lang='lat' dir='ltr'>habet</span> <span class='ocrx_word' id='word_1_186' title='bbox 814 2248 995 2328; x_wconf 89' lang='lat' dir='ltr'>principium</span> 
     </span>
     <span class='ocr_line' id='line_1_26' title="bbox 67 2324 998 2408; baseline -0.001 -19"><span class='ocrx_word' id='word_1_187' title='bbox 67 2324 274 2407; x_wconf 71' lang='lat' dir='ltr'>productivum,</span> <span class='ocrx_word' id='word_1_188' title='bbox 287 2330 418 2391; x_wconf 91' lang='lat' dir='ltr'>concedo</span> <span class='ocrx_word' id='word_1_189' title='bbox 426 2339 523 2387; x_wconf 92' lang='lat' dir='ltr'>totum</span> <span class='ocrx_word' id='word_1_190' title='bbox 534 2373 541 2387; x_wconf 87' lang='lat'><strong>.</strong></span> <span class='ocrx_word' id='word_1_191' title='bbox 554 2326 645 2385; x_wconf 87' lang='lat' dir='ltr'>habet</span> <span class='ocrx_word' id='word_1_192' title='bbox 654 2328 836 2407; x_wconf 90' lang='lat' dir='ltr'>principium</span> <span class='ocrx_word' id='word_1_193' title='bbox 844 2331 998 2408; x_wconf 80' lang='lat' dir='ltr'>temporis,</span> 
     </span>
    </p>

    <p class='ocr_par' dir='ltr' id='par_1_13' title="bbox 53 2408 996 2716">
     <span class='ocr_line' id='line_1_27' title="bbox 53 2408 996 2492; baseline 0 -24"><span class='ocrx_word' id='word_1_194' title='bbox 53 2426 121 2489; x_wconf 57' lang='lat' dir='ltr'>mag.</span> <span class='ocrx_word' id='word_1_195' title='bbox 135 2433 254 2492; x_wconf 85' lang='lat' dir='ltr'>conseq.</span> <span class='ocrx_word' id='word_1_196' title='bbox 284 2408 383 2491; x_wconf 81' lang='lat' dir='ltr'>Igitur</span> <span class='ocrx_word' id='word_1_197' title='bbox 404 2411 533 2469; x_wconf 84' lang='lat' dir='ltr'>Persona</span> <span class='ocrx_word' id='word_1_198' title='bbox 545 2408 691 2487; x_wconf 88' lang='lat' dir='ltr'>producta</span> <span class='ocrx_word' id='word_1_199' title='bbox 704 2429 763 2468; x_wconf 90' lang='lat' dir='ltr'>non</span> <span class='ocrx_word' id='word_1_200' title='bbox 777 2421 876 2487; x_wconf 88' lang='lat' dir='ltr'>potest</span> <span class='ocrx_word' id='word_1_201' title='bbox 891 2430 996 2486; x_wconf 88' lang='lat' dir='ltr'>appre-</span> 
     </span>
     <span class='ocr_line' id='line_1_28' title="bbox 69 2484 996 2573; baseline 0 -25"><span class='ocrx_word' id='word_1_202' title='bbox 69 2484 143 2551; x_wconf 81' lang='lat' dir='ltr'>hendi</span> <span class='ocrx_word' id='word_1_203' title='bbox 156 2495 252 2554; x_wconf 93' lang='lat' dir='ltr'>veluti</span> <span class='ocrx_word' id='word_1_204' title='bbox 265 2493 431 2573; x_wconf 87' lang='lat' dir='ltr'>procedens</span> <span class='ocrx_word' id='word_1_205' title='bbox 443 2511 479 2550; x_wconf 85' lang='lat' dir='ltr'>ex</span> <span class='ocrx_word' id='word_1_206' title='bbox 492 2489 597 2558; x_wconf 87' lang='lat' dir='ltr'>nihilo,</span> <span class='ocrx_word' id='word_1_207' title='bbox 609 2488 658 2546; x_wconf 93' lang='lat' dir='ltr'>vel</span> <span class='ocrx_word' id='word_1_208' title='bbox 672 2489 710 2547; x_wconf 90' lang='lat' dir='ltr'>de</span> <span class='ocrx_word' id='word_1_209' title='bbox 722 2509 784 2546; x_wconf 93' lang='lat' dir='ltr'>non</span> <span class='ocrx_word' id='word_1_210' title='bbox 798 2510 861 2548; x_wconf 92' lang='lat' dir='ltr'>esse</span> <span class='ocrx_word' id='word_1_211' title='bbox 876 2488 996 2558; x_wconf 86' lang='lat' dir='ltr'>adesse,</span> 
     </span>
     <span class='ocr_line' id='line_1_29' title="bbox 70 2569 994 2655; baseline -0.002 -26"><span class='ocrx_word' id='word_1_212' title='bbox 70 2571 111 2629; x_wconf 79' lang='lat' dir='ltr'>red</span> <span class='ocrx_word' id='word_1_213' title='bbox 120 2584 263 2653; x_wconf 86' lang='lat' dir='ltr'>tanquam</span> <span class='ocrx_word' id='word_1_214' title='bbox 277 2593 392 2655; x_wconf 86' lang='lat' dir='ltr'>semper</span> <span class='ocrx_word' id='word_1_215' title='bbox 405 2572 520 2631; x_wconf 87' lang='lat' dir='ltr'>habens</span> <span class='ocrx_word' id='word_1_216' title='bbox 533 2569 610 2629; x_wconf 88' lang='lat' dir='ltr'>illud</span> <span class='ocrx_word' id='word_1_217' title='bbox 623 2588 687 2629; x_wconf 89' lang='lat' dir='ltr'>esse</span> <span class='ocrx_word' id='word_1_218' title='bbox 697 2570 948 2628; x_wconf 86' lang='lat' dir='ltr'>communicatum</span> <span class='ocrx_word' id='word_1_219' title='bbox 962 2571 994 2628; x_wconf 93' lang='lat' dir='ltr'>in</span> 
     </span>
     <span class='ocr_line' id='line_1_30' title="bbox 74 2655 322 2716; baseline 0.016 -6"><span class='ocrx_word' id='word_1_220' title='bbox 74 2655 138 2711; x_wconf 84' lang='lat' dir='ltr'>omni</span> <span class='ocrx_word' id='word_1_221' title='bbox 150 2659 322 2716; x_wconf 68' lang='lat' dir='ltr'>eternitate.</span> 
     </span>
    </p>

    <p class='ocr_par' dir='ltr' id='par_1_14' title="bbox 72 2731 1004 3138">
     <span class='ocr_line' id='line_1_31' title="bbox 103 2731 995 2813; baseline -0.003 -22"><span class='ocrx_word' id='word_1_222' title='bbox 103 2733 159 2793; x_wconf 84' lang='grc' dir='ltr'><strong>ΙΙΙ.</strong></span> <span class='ocrx_word' id='word_1_223' title='bbox 174 2738 265 2797; x_wconf 92' lang='lat' dir='ltr'>Unde</span> <span class='ocrx_word' id='word_1_224' title='bbox 276 2737 336 2797; x_wconf 90' lang='lat' dir='ltr'>dici</span> <span class='ocrx_word' id='word_1_225' title='bbox 349 2755 408 2794; x_wconf 93' lang='lat' dir='ltr'>non</span> <span class='ocrx_word' id='word_1_226' title='bbox 422 2743 530 2813; x_wconf 90' lang='lat' dir='ltr'>potest,</span> <span class='ocrx_word' id='word_1_227' title='bbox 546 2731 628 2809; x_wconf 82' lang='lat' dir='ltr'>quod</span> <span class='ocrx_word' id='word_1_228' title='bbox 643 2731 730 2789; x_wconf 89' lang='lat' dir='ltr'>Pater</span> <span class='ocrx_word' id='word_1_229' title='bbox 744 2731 900 2790; x_wconf 69' lang='lat' dir='ltr'>situatum</span> <span class='ocrx_word' id='word_1_230' title='bbox 914 2732 995 2810; x_wconf 87' lang='lat' dir='ltr'>prior·</span> 
     </span>
     <span class='ocr_line' id='line_1_32' title="bbox 74 2808 997 2896; baseline -0.004 -23"><span class='ocrx_word' id='word_1_231' title='bbox 74 2808 142 2887; x_wconf 83' lang='lat' dir='ltr'>Filio,</span> <span class='ocrx_word' id='word_1_232' title='bbox 157 2819 210 2877; x_wconf 87' lang='lat' dir='ltr'>sed</span> <span class='ocrx_word' id='word_1_233' title='bbox 223 2818 338 2877; x_wconf 75' lang='lat' dir='ltr'>tantum</span> <span class='ocrx_word' id='word_1_234' title='bbox 354 2817 434 2896; x_wconf 79' lang='lat' dir='ltr'>quod</span> <span class='ocrx_word' id='word_1_235' title='bbox 448 2815 487 2873; x_wconf 90' lang='lat' dir='ltr'>sit</span> <span class='ocrx_word' id='word_1_236' title='bbox 500 2814 582 2892; x_wconf 89' lang='lat' dir='ltr'>prior</span> <span class='ocrx_word' id='word_1_237' title='bbox 590 2810 715 2889; x_wconf 83' lang='lat' dir='ltr'>origine,</span> <span class='ocrx_word' id='word_1_238' title='bbox 721 2813 808 2891; x_wconf 88' lang='lat' dir='ltr'>juxta</span> <span class='ocrx_word' id='word_1_239' title='bbox 819 2813 895 2870; x_wconf 87' lang='lat' dir='ltr'>illud</span> <span class='ocrx_word' id='word_1_240' title='bbox 910 2813 997 2891; x_wconf 87' lang='lat' dir='ltr'>Sym·</span> 
     </span>
     <span class='ocr_line' id='line_1_33' title="bbox 72 2890 996 2971; baseline -0.003 -19"><span class='ocrx_word' id='word_1_241' title='bbox 72 2890 289 2959; x_wconf 83' lang='lat' dir='ltr'>boliAthanasii:</span> <span class='ocrx_word' id='word_1_242' title='bbox 304 2907 324 2932; x_wconf 90' lang='lat'>·‘</span> <span class='ocrx_word' id='word_1_243' title='bbox 336 2899 373 2957; x_wconf 89' lang='lat' dir='ltr'>ln</span> <span class='ocrx_word' id='word_1_244' title='bbox 383 2898 442 2957; x_wconf 74' lang='lat' dir='ltr'>hac</span> <span class='ocrx_word' id='word_1_245' title='bbox 451 2895 598 2954; x_wconf 84' lang='lat' dir='ltr'>Trinitate</span> <span class='ocrx_word' id='word_1_246' title='bbox 606 2893 683 2951; x_wconf 89' lang='lat' dir='ltr'>nihil</span> <span class='ocrx_word' id='word_1_247' title='bbox 691 2893 831 2971; x_wconf 88' lang='lat' dir='ltr'>priusaut</span> <span class='ocrx_word' id='word_1_248' title='bbox 839 2894 996 2970; x_wconf 89' lang='lat' dir='ltr'>posterius,</span> 
     </span>
     <span class='ocr_line' id='line_1_34' title="bbox 73 2974 996 3058; baseline -0.005 -23"><span class='ocrx_word' id='word_1_249' title='bbox 73 2978 85 3005; x_wconf 85' lang='lat'>‘·</span> <span class='ocrx_word' id='word_1_250' title='bbox 94 2976 161 3037; x_wconf 84' lang='lat' dir='ltr'>nihil</span> <span class='ocrx_word' id='word_1_251' title='bbox 174 2979 272 3058; x_wconf 83' lang='lat' dir='ltr'>majus</span> <span class='ocrx_word' id='word_1_252' title='bbox 281 2989 334 3039; x_wconf 89' lang='lat' dir='ltr'>aut</span> <span class='ocrx_word' id='word_1_253' title='bbox 346 2981 455 3047; x_wconf 88' lang='lat' dir='ltr'>minus,</span> <span class='ocrx_word' id='word_1_254' title='bbox 471 2974 524 3033; x_wconf 87' lang='lat' dir='ltr'>sed</span> <span class='ocrx_word' id='word_1_255' title='bbox 537 2984 606 3032; x_wconf 84' lang='lat' dir='ltr'>totae</span> <span class='ocrx_word' id='word_1_256' title='bbox 618 2983 678 3032; x_wconf 90' lang='lat' dir='ltr'>tres</span> <span class='ocrx_word' id='word_1_257' title='bbox 694 2975 830 3032; x_wconf 75' lang='lat' dir='ltr'>Persona</span> <span class='ocrx_word' id='word_1_258' title='bbox 843 2982 996 3032; x_wconf 78' lang='lat' dir='ltr'>coaeternae</span> 
     </span>
     <span class='ocr_line' id='line_1_35' title="bbox 73 3056 1004 3138; baseline -0.002 -23"><span class='ocrx_word' id='word_1_259' title='bbox 73 3056 272 3121; x_wconf 84' lang='lat' dir='ltr'>“sibisuntet</span> <span class='ocrx_word' id='word_1_260' title='bbox 286 3058 477 3138; x_wconf 55' lang='lat' dir='ltr'>coequales?</span> <span class='ocrx_word' id='word_1_261' title='bbox 1002 3122 1004 3128; x_wconf 27' lang='lat'><strong>¹</strong></span> 
     </span>
    </p>

    <p class='ocr_par' dir='ltr' id='par_1_15' title="bbox 73 3135 996 3382">
     <span class='ocr_line' id='line_1_36' title="bbox 92 3135 996 3230; baseline -0.007 -35"><span class='ocrx_word' id='word_1_262' title='bbox 92 3136 182 3219; x_wconf 77' lang='lat' dir='ltr'>Igitur</span> <span class='ocrx_word' id='word_1_263' title='bbox 187 3161 292 3200; x_wconf 89' lang='lat' dir='ltr'>omnes</span> <span class='ocrx_word' id='word_1_264' title='bbox 299 3151 360 3199; x_wconf 91' lang='lat' dir='ltr'>tres</span> <span class='ocrx_word' id='word_1_265' title='bbox 367 3141 503 3199; x_wconf 78' lang='lat' dir='ltr'>Personae</span> <span class='ocrx_word' id='word_1_266' title='bbox 513 3146 582 3195; x_wconf 85' lang='lat' dir='ltr'>sunt</span> <span class='ocrx_word' id='word_1_267' title='bbox 592 3136 674 3212; x_wconf 74' lang='lat' dir='ltr'>seque</span> <span class='ocrx_word' id='word_1_268' title='bbox 685 3145 831 3212; x_wconf 90' lang='lat' dir='ltr'>potentes,</span> <span class='ocrx_word' id='word_1_269' title='bbox 840 3135 996 3230; x_wconf 72' lang='lat' dir='ltr'>sapientes,</span> 
     </span>
     <span class='ocr_line' id='line_1_37' title="bbox 73 3214 995 3294; baseline -0.012 -15"><span class='ocrx_word' id='word_1_270' title='bbox 73 3228 176 3294; x_wconf 55' lang='lat' dir='ltr'>iterna,</span> <span class='ocrx_word' id='word_1_271' title='bbox 192 3232 249 3281; x_wconf 90' lang='lat' dir='ltr'>etc.</span> <span class='ocrx_word' id='word_1_272' title='bbox 266 3241 322 3280; x_wconf 89' lang='lat' dir='ltr'>nec</span> <span class='ocrx_word' id='word_1_273' title='bbox 336 3233 396 3279; x_wconf 90' lang='lat' dir='ltr'>tres</span> <span class='ocrx_word' id='word_1_274' title='bbox 411 3221 548 3279; x_wconf 86' lang='lat' dir='ltr'>Personae</span> <span class='ocrx_word' id='word_1_275' title='bbox 569 3227 639 3274; x_wconf 93' lang='lat' dir='ltr'>sunt</span> <span class='ocrx_word' id='word_1_276' title='bbox 659 3214 773 3292; x_wconf 90' lang='lat' dir='ltr'>aliquid</span> <span class='ocrx_word' id='word_1_277' title='bbox 793 3214 889 3291; x_wconf 88' lang='lat' dir='ltr'>majus</span> <span class='ocrx_word' id='word_1_278' title='bbox 904 3232 995 3289; x_wconf 87' lang='lat' dir='ltr'>quam</span> 
     </span>
     <span class='ocr_line' id='line_1_38' title="bbox 73 3293 951 3382; baseline -0.013 -22"><span class='ocrx_word' id='word_1_279' title='bbox 73 3313 110 3360; x_wconf 68' lang='lat' dir='ltr'>flua</span> <span class='ocrx_word' id='word_1_280' title='bbox 123 3326 132 3375; x_wconf 71' lang='grc' dir='ltr'><strong><em>ς</em></strong></span> <span class='ocrx_word' id='word_1_281' title='bbox 152 3305 226 3382; x_wconf 88' lang='lat' dir='ltr'>quia</span> <span class='ocrx_word' id='word_1_282' title='bbox 239 3314 302 3361; x_wconf 86' lang='lat' dir='ltr'>tota</span> <span class='ocrx_word' id='word_1_283' title='bbox 315 3300 459 3379; x_wconf 81' lang='lat' dir='ltr'>perfectio</span> <span class='ocrx_word' id='word_1_284' title='bbox 473 3297 581 3356; x_wconf 85' lang='lat' dir='ltr'>divinae</span> <span class='ocrx_word' id='word_1_285' title='bbox 595 3306 709 3354; x_wconf 80' lang='lat' dir='ltr'>naturae</span> <span class='ocrx_word' id='word_1_286' title='bbox 724 3296 811 3355; x_wconf 89' lang='lat' dir='ltr'>estin</span> <span class='ocrx_word' id='word_1_287' title='bbox 825 3293 951 3369; x_wconf 83' lang='lat' dir='ltr'>singula.</span> 
     </span>
    </p>

    <p class='ocr_par' dir='ltr' id='par_1_16' title="bbox 53 3375 991 3548">
     <span class='ocr_line' id='line_1_39' title="bbox 53 3375 991 3462; baseline -0.012 -19"><span class='ocrx_word' id='word_1_288' title='bbox 53 3420 58 3430; x_wconf 59' lang='grc' dir='ltr'>ι</span> <span class='ocrx_word' id='word_1_289' title='bbox 96 3383 159 3462; x_wconf 85' lang='lat' dir='ltr'>obj.</span> <span class='ocrx_word' id='word_1_290' title='bbox 178 3382 223 3442; x_wconf 89' lang='grc' dir='ltr'><strong>ΙΙ.</strong></span> <span class='ocrx_word' id='word_1_291' title='bbox 244 3384 323 3442; x_wconf 89' lang='lat' dir='ltr'>Joan</span> <span class='ocrx_word' id='word_1_292' title='bbox 344 3402 408 3460; x_wconf 92' lang='lat' dir='ltr'>cap.</span> <span class='ocrx_word' id='word_1_293' title='bbox 432 3386 479 3438; x_wconf 88' lang='grc'>14.</span> <span class='ocrx_word' id='word_1_294' title='bbox 493 3385 584 3439; x_wconf 77' lang='lat' dir='ltr'>v.28.</span> <span class='ocrx_word' id='word_1_295' title='bbox 599 3377 672 3435; x_wconf 90' lang='lat' dir='ltr'>dicit</span> <span class='ocrx_word' id='word_1_296' title='bbox 687 3376 845 3436; x_wconf 88' lang='lat' dir='ltr'>Christus:</span> <span class='ocrx_word' id='word_1_297' title='bbox 867 3380 886 3406; x_wconf 88' lang='lat'>‘·</span> <span class='ocrx_word' id='word_1_298' title='bbox 905 3375 991 3432; x_wconf 87' lang='lat' dir='ltr'>Pater</span> 
     </span>
     <span class='ocr_line' id='line_1_40' title="bbox 53 3460 948 3548; baseline -0.019 -22"><span class='ocrx_word' id='word_1_299' title='bbox 53 3504 57 3509; x_wconf 94' lang='lat'><em>-</em></span> <span class='ocrx_word' id='word_1_300' title='bbox 73 3463 176 3546; x_wconf 84' lang='lat' dir='ltr'>“najor</span> <span class='ocrx_word' id='word_1_301' title='bbox 189 3483 240 3522; x_wconf 89' lang='lat' dir='ltr'>me</span> <span class='ocrx_word' id='word_1_302' title='bbox 251 3474 297 3523; x_wconf 84' lang='lat' dir='ltr'>est</span> <span class='ocrx_word' id='word_1_303' title='bbox 306 3460 332 3520; x_wconf 84' lang='lat'>:’&#39;</span> <span class='ocrx_word' id='word_1_304' title='bbox 347 3464 426 3540; x_wconf 80' lang='lat' dir='ltr'>ergo.</span> <span class='ocrx_word' id='word_1_305' title='bbox 442 3472 499 3520; x_wconf 90' lang='lat' dir='ltr'>etc.</span> <span class='ocrx_word' id='word_1_306' title='bbox 782 3534 788 3546; x_wconf 32' lang='grc' dir='ltr'>ι</span> <span class='ocrx_word' id='word_1_307' title='bbox 813 3535 820 3547; x_wconf 90' lang='lat'><strong>.</strong></span> <span class='ocrx_word' id='word_1_308' title='bbox 942 3534 948 3548; x_wconf 38' lang='grc' dir='ltr'>Ι</span> 
     </span>
    </p>

    <p class='ocr_par' dir='ltr' id='par_1_17' title="bbox 53 3533 1018 3850">
     <span class='ocr_line' id='line_1_41' title="bbox 92 3533 999 3612; baseline -0.015 -7"><span class='ocrx_word' id='word_1_309' title='bbox 92 3545 123 3606; x_wconf 87' lang='lat' dir='ltr'>R.</span> <span class='ocrx_word' id='word_1_310' title='bbox 133 3548 212 3604; x_wconf 92' lang='lat' dir='ltr'>Cum</span> <span class='ocrx_word' id='word_1_311' title='bbox 228 3545 259 3603; x_wconf 91' lang='lat' dir='ltr'>S.</span> <span class='ocrx_word' id='word_1_312' title='bbox 275 3541 383 3600; x_wconf 88' lang='lat' dir='ltr'>Thom.</span> <span class='ocrx_word' id='word_1_313' title='bbox 394 3552 453 3601; x_wconf 88' lang='lat' dir='ltr'>art.</span> <span class='ocrx_word' id='word_1_314' title='bbox 466 3549 496 3600; x_wconf 92' lang='grc'><strong>4.</strong></span> <span class='ocrx_word' id='word_1_315' title='bbox 508 3534 547 3598; x_wconf 86' lang='lat' dir='ltr'>ad</span> <span class='ocrx_word' id='word_1_316' title='bbox 563 3545 589 3596; x_wconf 84' lang='lat'>1.</span> <span class='ocrx_word' id='word_1_317' title='bbox 602 3535 681 3594; x_wconf 87' lang='lat' dir='ltr'>illud</span> <span class='ocrx_word' id='word_1_318' title='bbox 694 3533 822 3612; x_wconf 78' lang='lat' dir='ltr'>intelligi</span> <span class='ocrx_word' id='word_1_319' title='bbox 831 3534 869 3593; x_wconf 90' lang='lat' dir='ltr'>de</span> <span class='ocrx_word' id='word_1_320' title='bbox 878 3533 999 3594; x_wconf 80' lang='lat' dir='ltr'>Christo</span> 
     </span>
     <span class='ocr_line' id='line_1_42' title="bbox 53 3617 1006 3709; baseline -0.018 -21"><span class='ocrx_word' id='word_1_321' title='bbox 53 3648 60 3663; x_wconf 82' lang='lat'>¹·</span> <span class='ocrx_word' id='word_1_322' title='bbox 71 3627 214 3687; x_wconf 56' lang='lat' dir='ltr'>nundum</span> <span class='ocrx_word' id='word_1_323' title='bbox 227 3634 366 3682; x_wconf 88' lang='lat' dir='ltr'>naturam</span> <span class='ocrx_word' id='word_1_324' title='bbox 377 3622 546 3688; x_wconf 86' lang='lat' dir='ltr'>humanam,</span> <span class='ocrx_word' id='word_1_325' title='bbox 560 3626 594 3674; x_wconf 91' lang='lat' dir='ltr'>ut</span> <span class='ocrx_word' id='word_1_326' title='bbox 602 3626 685 3693; x_wconf 87' lang='lat' dir='ltr'>patet</span> <span class='ocrx_word' id='word_1_327' title='bbox 693 3617 783 3675; x_wconf 88' lang='lat' dir='ltr'>etiam</span> <span class='ocrx_word' id='word_1_328' title='bbox 791 3634 830 3673; x_wconf 80' lang='lat' dir='ltr'>ex</span> <span class='ocrx_word' id='word_1_329' title='bbox 840 3625 1006 3709; x_wconf 58' lang='lat' dir='ltr'>contentu,</span> 
     </span>
     <span class='ocr_line' id='line_1_43' title="bbox 53 3695 1018 3778; baseline -0.022 -6"><span class='ocrx_word' id='word_1_330' title='bbox 53 3714 55 3725; x_wconf 93' lang='lat'>&#39;</span> <span class='ocrx_word' id='word_1_331' title='bbox 69 3696 117 3771; x_wconf 68' lang='lat' dir='ltr'>idi</span> <span class='ocrx_word' id='word_1_332' title='bbox 129 3708 231 3767; x_wconf 83' lang='lat' dir='ltr'>enim:</span> <span class='ocrx_word' id='word_1_333' title='bbox 249 3711 270 3737; x_wconf 86' lang='lat'><strong><em>“</em></strong></span> <span class='ocrx_word' id='word_1_334' title='bbox 280 3701 363 3760; x_wconf 86' lang='lat' dir='ltr'>Vado</span> <span class='ocrx_word' id='word_1_335' title='bbox 375 3703 415 3759; x_wconf 79' lang='lat' dir='ltr'>ad</span> <span class='ocrx_word' id='word_1_336' title='bbox 427 3699 580 3770; x_wconf 86' lang='lat' dir='ltr'>Patrem,&#39;&#39;</span> <span class='ocrx_word' id='word_1_337' title='bbox 596 3695 634 3757; x_wconf 88' lang='lat' dir='ltr'>ad</span> <span class='ocrx_word' id='word_1_338' title='bbox 649 3717 745 3778; x_wconf 90' lang='lat' dir='ltr'>quem</span> <span class='ocrx_word' id='word_1_339' title='bbox 757 3701 883 3761; x_wconf 78' lang='lat' dir='ltr'>tantum</span> <span class='ocrx_word' id='word_1_340' title='bbox 894 3708 1018 3759; x_wconf 71' lang='lat' dir='ltr'>ratione</span> 
     </span>
     <span class='ocr_line' id='line_1_44' title="bbox 56 3781 381 3850; baseline -0.015 -6"><span class='ocrx_word' id='word_1_341' title='bbox 56 3786 296 3850; x_wconf 62' lang='lat' dir='ltr'>menradumanae</span> <span class='ocrx_word' id='word_1_342' title='bbox 307 3781 381 3839; x_wconf 81' lang='lat' dir='ltr'>ibat.</span> 
     </span>
    </p>
   </div>
   <div class='ocr_carea' id='block_1_6' title="bbox 0 0 1088 4072">
    <p class='ocr_par' dir='ltr' id='par_1_18' title="bbox 0 0 1088 4072">
     <span class='ocr_line' id='line_1_45' title="bbox 0 0 1088 4072; baseline 0 0"><span class='ocrx_word' id='word_1_343' title='bbox 0 0 1088 4072; x_wconf 95' lang='lat' dir='ltr'> </span> 
     </span>
    </p>
   </div>
  </div>
 </body>
</html>
