2160 4072
120 96 184 159 240
384 184 390 195 ·
493 116 693 162 raacrsrus

152 273 188 330 R.
201 269 361 329 Voluntate
371 268 506 329 absolute
516 279 547 328 et
555 277 765 347 consequente,
779 268 811 328 id
822 288 884 329 non
891 279 934 331 est
940 270 1031 335 licitum
1065 287 1071 297 ·

118 351 198 423 lilio;
213 351 284 428 quio
293 349 384 409 vellet
393 368 524 409 eversam
538 349 723 408 voluntatem
736 348 879 421 divinam,
893 370 943 411 seu
954 352 993 412 illi
1002 374 1036 413 re·

116 441 284 509 pugnaret:
298 429 450 489 voluntate
464 429 534 489 vero
549 429 742 492 antecedente
755 450 809 489 seu
821 431 1006 492 conditionati
1012 434 1036 493 id

117 523 162 571 est
174 512 300 581 licitum,
315 509 387 570 dum
401 509 513 569 seilicet
525 509 602 568 illud
616 510 682 570 vult
696 511 752 569 sub
765 510 825 570 alia
836 512 957 584 ratione,
1007 518 1013 536 ⁸
1061 534 1064 539 ·

118 593 177 671 qui
198 593 282 650 Deus
301 590 397 649 voluit
416 590 604 668 oppositum:
630 589 767 650 voluntas
787 592 867 650 enim
887 593 1040 653 mteoedus

120 671 286 732 considerat
298 670 389 729 vitam
410 669 503 747 patris
517 670 574 728 sub
587 669 704 735 ratione¹
719 671 909 749 particularis
927 674 1017 733 bouis

117 753 248 812 stractim
263 753 278 808 ὲ
292 749 512 827 circumstantia
526 749 635 809 divinae
649 749 826 812 voluntatis.
1069 817 1072 827 1

157 836 207 893 An
228 830 367 908 equidem
386 849 447 888 non
465 829 569 888 liceret
588 829 772 890 conformare
790 830 975 893 voluntatem
992 854 1065 894 uos·

117 924 193 972 tram
208 911 317 970 divinae
330 910 420 969 etiam
433 910 465 968 in
478 909 571 969 volito
584 910 751 970 materiali?
764 946 769 955 ·
1062 957 1072 994 Ξ

159 994 215 1053 lv.
237 994 272 1050 R.
286 990 487 1050 Affirmative:
510 990 594 1050 modb
607 990 639 1048 id
653 990 796 1052 faciamus
816 994 857 1052 ob
877 992 980 1053 eadem
1064 996 1072 1012 ¹

117 1074 188 1141 tiva,
208 1073 246 1131 ob
261 1071 372 1149 quaid
386 1071 452 1130 vult
466 1072 571 1143 Deus3
592 1071 729 1130 voluntas
742 1073 823 1131 enim
839 1072 900 1147 Dei
914 1094 1046 1152 quaecum·
1063 1134 1066 1141 ,

117 1174 177 1231 que
190 1163 235 1212 est
248 1152 419 1221 rectissime,
434 1151 483 1211 cui
496 1150 623 1229 proinde
636 1153 660 1210 si
670 1152 874 1212 conformetur
883 1165 1018 1225 nostran

117 1244 215 1311 potest
224 1252 284 1290 non
294 1252 358 1291 esse
367 1242 457 1290 recta.
479 1234 579 1309 Atque
587 1231 645 1291 hoc
654 1230 692 1290 ad
700 1232 894 1309 perfeetionis
905 1235 982 1294 riam

117 1314 212 1386 tinet3
228 1311 294 1373 crim
309 1312 351 1371 sic
364 1312 501 1371 voluntas
514 1312 747 1390 humanamagis
757 1313 938 1391 subjiciatur
947 1315 977 1373 di
997 1316 1003 1330 '
1066 1344 1069 1349 ·

159 1395 195 1452 ln
208 1391 365 1473 praeceptis
373 1392 420 1450 vel
434 1392 684 1470 prohibitionibus
693 1391 803 1452 divinis
813 1392 956 1454 voluntas
965 1407 1048 1454 nostra

117 1476 206 1535 debet
216 1492 279 1533 esse
289 1473 414 1550 positive
423 1471 582 1531 conformis
591 1472 737 1531 voluntati
746 1471 855 1531 divinae
863 1475 966 1533 tamin
974 1476 1049 1534 volito

116 1555 270 1624 materiali,
284 1558 374 1631 quam
387 1553 419 1611 in
432 1552 567 1611 formali:
581 1553 651 1631 quia
664 1552 696 1609 in
709 1551 768 1611 illis
784 1555 869 1612 Deus
883 1554 952 1615 vult
964 1555 1046 1614 homi·

118 1656 186 1694 nem
199 1634 332 1710 obligare
345 1633 383 1692 ad
393 1632 634 1711 amplectendum
648 1632 730 1712 quod
747 1634 896 1712 praecipit,
921 1635 969 1694 vel
982 1637 1047 1713 fugi·

119 1715 229 1774 endum
245 1713 326 1793 quod
338 1713 485 1792 prohibet.

152 1796 190 1852 ln
199 1793 336 1853 Consiliis
348 1792 476 1863 Divinis,
487 1814 515 1852 v.
526 1814 556 1871 g.
567 1793 703 1852 servandi
715 1795 890 1865 castitatem,
902 1815 963 1854 non
974 1796 1050 1855 debet

118 1875 254 1935 voluntas
274 1884 374 1933 nostra
388 1893 451 1932 esse
465 1874 591 1951 positive
612 1874 770 1933 conformis
787 1875 908 1933 Divinae
928 1875 960 1933 in
972 1877 1050 1935 volito

118 1955 272 2024 materiali,
287 1953 371 2032 quasi
385 1954 559 2013 deberemus
569 1953 647 2013 velle
657 1975 691 2013 ea
701 1955 845 2032 implere;
860 1955 953 2015 debet
965 1968 1050 2015 tamen

119 2058 152 2096 ea
163 2035 338 2096 conformari
349 2035 497 2112 negative,
509 2034 683 2112 inquantum
697 2054 758 2092 non
772 2035 843 2093 licet
854 2047 965 2095 statum
979 2039 1051 2096 illum

118 2119 294 2194 improbare,
304 2116 428 2173 sedeum
439 2115 551 2173 bonum
562 2124 592 2172 et
602 2114 761 2173 salutarem
765 2117 1051 2191 reputaredebemus.

159 2197 253 2254 Simili
268 2197 357 2253 modo
370 2195 552 2254 voluntatem
563 2195 622 2253 Dei
635 2195 856 2272 permittentem
869 2210 992 2273 peccata
1001 2217 1050 2256 non

118 2278 187 2336 licet
200 2277 368 2353 improbare
388 2286 439 2334 aut
462 2276 600 2353 cuipare:
623 2275 687 2352 ipsa
699 2277 768 2333 verb
783 2287 907 2352 peccata
920 2298 979 2336 non
992 2279 1051 2337 licet

117 2359 211 2417 velle:
234 2357 305 2433 quia
317 2359 372 2415 ne'c
390 2358 470 2414 Deus
484 2365 604 2434 peccata
613 2355 680 2413 vult
693 2366 744 2413 aut
757 2358 915 2432 approbat,
932 2358 983 2417 sed
995 2370 1051 2417 tan-

117 2441 177 2497 tiun
191 2437 345 2516 permittit.

157 2518 343 2578 Generaliter
361 2535 462 2574 omnes
475 2526 614 2575 tenentur
627 2517 658 2574 in
673 2515 810 2575 omnibus
828 2516 944 2578 habere
958 2520 1052 2577 volun-

117 2610 207 2659 tatem
222 2599 330 2656 divinae
343 2597 524 2655 conformem
536 2596 637 2654 saltem
648 2596 795 2672 negative,
811 2596 843 2654 id
852 2608 898 2656 est
908 2619 1053 2678 nunquam
1062 2624 1072 2657 ·.

116 2682 186 2738 licet
198 2679 228 2736 id
242 2678 323 2756 quod
335 2679 417 2736 Deus
431 2677 505 2748 vult,
526 2677 694 2755 improbare
707 2687 759 2734 aut
772 2687 875 2736 contra
888 2679 969 2737 illud
981 2699 1053 2738 mur·
1069 2676 1072 2703 '

116 2779 242 2818 murare.

158 2842 209 2898 An
222 2858 293 2916 ergo
305 2837 375 2896 lieet
388 2837 473 2895 nobis
483 2836 561 2895 velle
572 2836 789 2896 damnationem
798 2837 980 2916 aliquorum,
993 2840 1072 2918 quisi

117 2922 201 2979 Deus
212 2919 277 2977 vult
287 2918 504 2976 damnationem
518 2917 695 2995 aliquorum,
706 2918 897 2993 morientium
908 2921 1021 2980 scilicet
1029 2920 1055 2977 in

115 3010 238 3080 peccato
252 2998 390 3057 mortali?

160 3082 194 3138 R.
218 3079 380 3156 Negativd:
404 3080 487 3136 Deus
502 3077 590 3148 enim,
612 3086 647 3136 ut
660 3076 701 3135 ait
716 3079 746 3136 S.
761 3078 870 3136 Thom.
885 3090 943 3138 art.
960 3079 1055 3153 10.ad

116 3171 145 3221 2.
153 3181 212 3218 non
223 3159 289 3216 vult
302 3159 520 3217 damnationem
528 3157 654 3235 alicujus
664 3158 720 3216 sub
730 3159 843 3217 ratione
854 3160 1054 3228 damnationis,

117 3241 168 3301 sed
184 3242 239 3300 sub
253 3239 366 3297 ratione
376 3239 506 3317 justitiae.
549 3239 679 3296 Licitum
692 3248 791 3297 tamen
806 3250 850 3296 est
863 3240 989 3311 homini,
1013 3240 1055 3299 cui

117 3323 167 3379 illa
182 3321 240 3381 Dei
262 3319 399 3377 voluntas
419 3328 489 3376 nota
509 3330 563 3388 est,
585 3339 616 3377 se
639 3317 683 3374 illi
704 3318 823 3376 Divinae
838 3320 970 3379 Justitiae
992 3340 1054 3381 con·

115 3403 252 3469 formare,
267 3400 354 3477 eique
367 3399 563 3476 acquiescere.

158 3483 207 3539 De
221 3479 425 3538 conformitate
440 3478 600 3537 voluntatis
619 3477 754 3536 humanae
778 3498 845 3537 cum
869 3478 971 3537 divina
992 3497 1053 3536 con·

118 3562 235 3638 scripsit
256 3561 399 3619 Jeremias
419 3559 578 3616 Drexelius
595 3560 771 3637 opusculum
789 3559 900 3617 morale
923 3559 1053 3617 omnibus

117 3643 304 3702 utilissimum
321 3651 350 3697 et
363 3639 600 3708 consolatorium,
619 3639 817 3715 Eliotropium
832 3640 957 3699 dictum.
973 3638 1053 3709 (flan-

105 3726 192 3784 drice
208 3722 278 3782 “de
290 3719 555 3796 Sonne·Bloem'’l
569 3719 603 3776 in
616 3739 676 3797 quo
689 3720 778 3776 docet
785 3720 887 3776 modos
898 3721 1008 3794 quibus
1020 3715 1054 3775 ad

89 3806 175 3868 lianc
179 3807 414 3888 perfectionem
432 3816 462 3866 et
478 3801 575 3863 animi
584 3798 840 3876 tranqurllitatem
851 3797 1071 3869 §resupnum
