2160 4072
290 96 295 103 .
328 39 375 76 nrt
399 39 441 77 as.
465 39 670 80 rutulum
931 39 975 87 ³0

33 177 170 263 ,Imago
182 175 238 237 illa
247 176 335 255 juxta
349 176 382 237 S.
393 180 475 258 Aug.
489 179 542 238 lib.
553 189 584 251 9.
597 187 620 214 “
630 179 669 238 de
681 177 853 239 Trinitate”
868 200 931 259 cap.
943 193 971 242 4.

33 257 173 336 pperitur
199 256 354 328 inanima,
374 279 441 337 quae
464 279 524 318 una
537 274 583 319 eat
597 259 772 330 substantia,
797 261 828 317 in
843 281 903 338 qua
916 264 975 322 tria

33 336 90 397 nnt
110 335 232 397 scilicet
252 357 347 406 ruens,
368 359 435 417 quae
454 339 650 419 intelligendo
670 339 812 419 producit
824 341 970 413 Verbum,

56 417 105 477 ¹sic
118 429 318 496 repraesentat
329 419 457 488 Patrem,
473 421 606 478 Verbum
622 419 653 478 in
667 431 766 479 mente
779 419 972 498 productum,

33 427 104 581 ιοά
116 507 319 576 repraesentat
332 499 455 570 Filium,
478 511 509 558 et
523 500 618 558 Amor
632 500 794 559 voluntatis
807 519 974 577 repraesen-

33 584 87 673 pos
101 578 254 656 Spiritum
268 578 421 638 Sanctum.

48 710 51 715 .
62 656 160 716 Aliud
171 657 343 736 exemplum
353 657 439 719 affert
447 659 499 718 lib.
521 667 568 720 15.
583 667 603 693 ·‘
614 660 652 719 de
664 660 836 719 Trinitate''
846 679 912 738 cap.
924 670 972 722 at.

54 808 57 813 Ι
69 739 226 802 memoria,
240 737 439 817 intelligentia
453 751 483 798 et
494 739 658 810 voluntate,
670 760 736 818 quae
747 755 808 799 tres
818 740 974 800 facultates

105 818 139 877 in
152 839 217 877 una
229 818 395 899 eademque
408 821 514 880 anima.

66 898 101 957 ln
115 897 264 958 creaturis
276 899 527 960 irrationabilibus
541 901 700 979 vestigium
716 900 871 961 Trinitatis
888 901 972 960 inve-

33 938 106 1115 bur
118 979 151 1037 in
166 999 212 1048 eo,
235 981 317 1056 quod
340 981 372 1039 in
395 981 528 1059 qualibet
552 1001 585 1040 re
605 983 664 1040 sint
687 981 752 1040 haec
775 981 842 1051 tria,
863 982 972 1052 unitas,

50 1059 132 1117 eritas
146 1070 178 1118 et
190 1058 318 1131 bonitas,
339 1061 411 1119 item
426 1062 600 1132 substantia,
623 1063 735 1140 species
749 1073 780 1120 et
794 1061 876 1120 ordo.

68 1138 211 1198 Similiter
222 1139 257 1197 in
271 1141 332 1200 sole
353 1141 501 1220 reperitur
524 1141 635 1212 radius,
659 1141 801 1221 splendor
823 1153 854 1199 et
875 1141 968 1216 calor,-

33 1172 99 1327 ,μὴ
113 1218 302 1297 triangulum
316 1241 409 1280 unum
424 1232 479 1292 est,
501 1231 530 1281 et
545 1221 637 1281 habet
649 1233 709 1281 tres
723 1220 858 1299 angulos.

68 1300 216 1359 (amram
231 1319 291 1358 non
303 1303 451 1372 convenit,
467 1301 675 1361 similitudines
685 1303 703 1360 {a
715 1302 824 1361 sanctis
837 1298 972 1378 patribus

96 1380 244 1438 adductas
252 1380 365 1461 fingere
374 1381 414 1440 ad
424 1382 646 1441 irreverentiam
660 1381 973 1460 saepetantiMysterii.

69 1459 160 1518 Notat
175 1461 204 1519 S.
221 1459 329 1521 Thom.
344 1463 426 1541 qood
447 1461 626 1540 Mysterium
652 1463 705 1521 SS.
721 1460 876 1521 Trinitatis
890 1463 973 1539 apud

59 1610 62 1615 Ι
79 1540 162 1599 deles
186 1541 377 1618 probandum
398 1563 459 1601 non
473 1543 512 1601 sit
525 1543 543 1601 al
557 1541 672 1601 ratione
685 1541 823 1612 naturali,
852 1541 905 1599 scd
917 1562 973 1619 per

114 1621 231 1693 ritates,
255 1626 362 1701 nempb
376 1624 433 1694 his,
459 1623 512 1701 qui
526 1623 591 1681 illas
606 1623 792 1701 suscipiunt3
807 1621 889 1699 apud
898 1621 972 1693 alios

81 1701 97 1757 ὸ
122 1701 234 1761 sufficit
258 1704 422 1776 ostendere,
443 1724 503 1762 non
518 1722 580 1762 esse
594 1704 784 1782 impossibile,
806 1701 888 1780 quod
902 1701 975 1762 fides

113 1783 184 1853 icat,
206 1795 237 1842 et
249 1783 339 1842 simul
352 1785 464 1843 motiva
475 1783 679 1842 credibilitatis
693 1802 863 1863 suggerere.
927 1840 930 1845 .

33 1904 37 1953 '
161 1942 201 1998 Ν.
216 1940 264 2008 67·
286 1943 344 2002 oe
367 1943 637 2004 norrourrus
659 1942 839 2018 munus.

69 2075 168 2167 'Qiiu
194 2103 269 2159 notio
297 2103 326 2161 in
353 2102 475 2164 Divinis.
518 2105 560 2164 11.
594 2105 666 2164 Sunt
693 2079 814 2238 prinpio
841 2100 973 2160 notiones.

46 2179 130 2239 ¹lll.
152 2181 242 2239 Actus
265 2183 417 2242 actionales
434 2192 498 2242 sunt
520 2194 647 2264 quotuor.
690 2182 745 2240 IV.
796 2181 887 2240 omina
905 2201 972 2258 pcr-

71 2260 189 2322 tonalia.
223 2263 269 2321 ·V.
292 2262 474 2322 Eraentt'oliu.

47 2486 50 2495 Ι
74 2417 182 2490 QUID
199 2431 244 2480 est
257 2419 339 2478 notio
353 2420 384 2478 in
398 2421 543 2482 Divinis?

74 2497 97 2558 l.
110 2501 145 2558 R.
163 2501 219 2558 Est
231 2501 307 2560 ratio
318 2503 516 2579 cognoscendi
526 2523 615 2561 unam
629 2503 786 2560 Personam
800 2505 836 2553 ut
849 2493 972 2554 distinc-

111 2581 151 2638 ab
173 2580 239 2640 alia.
282 2581 367 2638 Ratio
388 2581 440 2640 illa
463 2583 630 2662 concipitur
650 2599 705 2659 per
726 2575 850 2636 modum
871 2574 972 2636 fornia

44 2654 195 2730 abstractas,
220 2680 279 2738 que
303 2681 437 2739 personae
460 2663 602 2733 inexistit,
624 2673 654 2720 et
668 2659 729 2738 qud
744 2656 782 2716 ad
796 2656 971 2733 dignitatem

45 2740 189 2813 quamdam
204 2742 346 2810 elevatur,
368 2755 399 2800 et
412 2744 450 2800 ab
464 2743 529 2801 aliis
541 2743 748 2820 distinguitur.

73 2817 152 2890 Quot
166 2833 236 2880 sunt
249 2820 383 2880 notiones
393 2823 424 2879 in
439 2823 584 2882 Divinis?
951 2892 954 2897 θ

72 2898 111 2956 Il.
136 2902 171 2959 R.
188 2902 264 2960 Sunt
277 2902 420 2979 quinque,
444 2902 586 2961 nimirum
600 2898 822 2966 innascibilitas,
836 2899 967 2975 paterni-

45 2988 84 3047 tas,
104 2979 216 3053 filiatio,
238 2980 360 3060 spiratio
373 2983 470 3041 activa
482 2995 512 3041 et
526 2983 647 3062 spiratio
661 2981 786 3060 passiva.

72 3060 116 3122 Ex
139 3061 188 3120 his
208 3063 341 3140 quinque
355 3063 525 3122 notionibus
539 3066 643 3142 prima,
666 3060 796 3120 secunda
815 3073 844 3120 et
866 3069 970 3135 quarta

41 3153 205 3223 ,competunt
230 3142 321 3211 Patri,
342 3144 429 3202 tertia
450 3157 480 3202 et
504 3155 609 3222 quarta
629 3143 716 3212 Filio,
738 3139 843 3218 quinta
856 3135 970 3208 tantiun

44 3218 277 3300 lpirituiSancto.
293 3223 431 3295 Quatuor
438 3225 614 3301 posteriores
625 3221 856 3282 suntrelationes
866 3216 968 3274 reales.

71 3305 152 3376 Quid
165 3316 210 3362 est
223 3315 308 3361 actus
318 3302 497 3362 nationalis?

71 3384 128 3444 Ill.
152 3387 187 3444 R.
214 3383 398 3460 Intelligitur
425 3395 486 3441 tam
509 3395 593 3442 actus
615 3383 760 3461 passivus,
783 3396 842 3455 quo
870 3376 969 3454 aliqua

33 3460 153 3555 ,persona
165 3463 354 3544 producitur,
367 3471 458 3541 quim
472 3464 596 3532 activus,
611 3483 671 3540 quo
681 3482 741 3520 una
748 3477 874 3538 persona
884 3456 970 3532 aliam

33 3546 183 3623 producit:
211 3544 290 3602 unde
305 3555 431 3620 quatuor·
453 3556 523 3602 sunt
543 3555 626 3600 actus
651 3539 824 3606 notionales‚
848 3537 969 3619 scilicet,

41 3641 168 3698 generare
183 3637 213 3684 et
222 3624 368 3702 generari,
391 3623 503 3701 spirare
518 3635 553 3681 et·
563 3623 676 3700 spirari.

70 3707 140 3776 Qua
151 3707 271 3762 nomina
287 3703 432 3760 dicuntur
444 3704 640 3782 personalia?
674 3759 678 3765 .
