2160 4072
74 103 140 172 246
451 116 653 173 raacrarna
734 138 737 143 ·

117 272 160 330 Il.
182 273 417 333 Circumstantiae
432 284 575 352 augentes
589 294 642 333 seu
654 282 853 351 aggravantes
863 290 925 331 non
937 279 1007 328 nota

75 352 176 412 biliter
190 365 269 422 aunt,
283 374 350 432 quae
363 374 461 432 neque
474 355 513 414 de
525 354 634 414 veniali
647 353 763 413 faciunt
776 354 913 422 mortale,
926 369 1007 426 nequa

75 433 193 491 mortali
203 434 406 512 superaddunt
416 436 626 513 aequivalenter
638 442 747 494 novam
756 433 903 493 malitiam
916 442 1007 490 morta

76 511 143 583 lem,
157 514 210 572 aed
221 515 379 592 utrobique
391 518 506 575 tantiam
519 515 635 575 addunt
648 514 794 574 malitiam
807 512 969 573 venialem:
987 529 1007 566 v.

76 612 107 669 g.
128 594 161 651 in
184 594 266 653 farto
279 607 346 653 octo
363 597 474 654 assium
494 615 563 655 cum
583 596 749 654 intentione
766 593 892 653 furandi
911 592 1007 657 decem¹

76 672 147 733 itera
162 675 193 733 in
211 675 294 734 furto
307 675 506 754 quadraginta
519 677 627 735 assium
641 696 711 735 cum
724 675 893 735 intentione
905 668 1007 731 furandi

77 754 274 831 quadraginta
288 757 381 825 duaa,
405 757 570 816 intentione
589 755 642 814 illa
654 755 870 817 furandiduos
882 753 956 832 plus,
974 759 1007 809 eat

77 834 297 895 circumstantia
310 857 476 914 aggravans
489 856 549 896 non
561 836 742 896 notabiliter.

117 916 263 987 Quanam
282 917 511 977 circumstantie
530 918 672 976 dicuntur
690 916 865 976 notabiliter
897 913 1007 973 dimina

77 1001 182 1055 entes?

119 1074 178 1134 111.
202 1079 238 1136 R.
263 1077 301 1138 1⁰.
325 1079 398 1150 lllm,
409 1099 476 1156 qua
486 1078 600 1138 faciunt
610 1078 649 1136 de
661 1077 780 1136 mortali
793 1075 910 1136 veniale
921 1093 1007 1153 pecca·

77 1164 162 1227 tum3
177 1157 220 1216 ric
233 1158 442 1219 indeliberatio
451 1159 560 1236 aliqua,
572 1178 639 1236 qua
651 1158 883 1217 eatinmotibna
895 1154 1007 1215 necandi

76 1236 182 1312 primia
195 1249 241 1297 eat
254 1240 476 1299 circumstantia
487 1239 661 1298 notabiliter
677 1238 851 1297 diminuens
871 1246 1007 1315 peccamn

77 1317 110 1373 in
124 1318 349 1397 eadem-specie.
858 1356 861 1361 ·

118 1397 159 1455 2⁰.
182 1399 282 1457 Etiam
306 1399 374 1471 illae,
399 1421 468 1478 quae
491 1400 632 1459 auserunt
653 1398 869 1476 equivalenter
885 1397 1007 1456 malitiam

77 1479 242 1549 mortalem,
266 1501 330 1550 eeu,
358 1501 424 1560 quae
438 1482 553 1538 tannim
566 1480 703 1538 adimant
715 1479 754 1538 de
766 1478 890 1549 malitia,
903 1472 1007 1537 utillud

78 1557 258 1618 diminutum
269 1581 299 1618 se
310 1561 372 1618 eolo
382 1562 530 1619 sufficeret
539 1561 578 1618 ad
587 1559 730 1619 mortale:
747 1580 776 1618 v.
787 1579 819 1636 g.
833 1560 859 1617 si
869 1559 936 1635 qaia
945 1557 1007 1615 nra

77 1647 128 1695 tur
142 1638 329 1716 horologium
348 1660 483 1710 aureum,
508 1641 590 1719 qaod
612 1660 649 1705 ex
670 1641 840 1717 ignorantia
861 1634 1007 1697 invincibili

78 1728 165 1794 putat
179 1739 242 1777 esse
256 1732 440 1798 argenteum,
454 1721 505 1779 ille
519 1741 600 1779 error
613 1730 658 1778 est
671 1720 896 1779 circumstantia
912 1717 1007 1776 notabi-

78 1797 148 1856 liter
160 1799 329 1859 diminuens
343 1801 375 1858 in
389 1801 492 1860 eadem
512 1803 631 1879 specie3
656 1818 795 1859 excessua
817 1801 899 1858 enim
920 1796 1007 1857 valada

78 1875 225 1957 horologii
240 1882 320 1939 aurei
334 1902 425 1960 supra
437 1892 611 1958 argenteam
625 1900 656 1939 ee
668 1880 733 1938 solo
745 1879 855 1938 sufficit
867 1879 906 1937 ad
924 1896 1007 1956 pecca

76 1970 143 2017 tum
157 1962 289 2019 mortale.

120 2040 170 2098 Sic
178 2042 491 2101 etianacircumstantia
500 2043 562 2100 voti
572 2041 712 2099 castitatis
722 2040 755 2096 in
763 2040 816 2098 illa
824 2059 951 2117 quacum
961 2037 1007 2115 quir

79 2119 253 2189 fornicatur,
270 2123 481 2180 invincibiliter
495 2122 639 2198 ignorata,
655 2133 699 2178 est
710 2121 932 2179 circumstantia
944 2130 1007 2176 nota·

70 2199 172 2257 biliter
189 2202 362 2260 diminuens
377 2203 407 2259 iu
420 2203 539 2260 diversa
554 2201 651 2278 specie
659 2213 800 2278 respectu
811 2198 1007 2267 fornicationis¹

76 2279 182 2338 adimit
196 2283 273 2339 enim
289 2283 477 2340 fornicationi
491 2281 633 2339 malitiam
647 2281 802 2338 mortalem
818 2280 973 2353 sacrilegii.

119 2361 340 2432 eraenamsunt
351 2363 577 2420 circumstantiae
589 2362 755 2418 minuentes
765 2381 825 2417 non
838 2360 1007 2418 notabiliter!

120 2441 174 2499 IV.
198 2443 233 2500 R.
251 2442 324 2512 Illae,
341 2462 407 2519 quae
422 2443 537 2524 aliquid
550 2441 722 2499 diminuunt
733 2440 772 2497 de
785 2441 908 2509 malitia,
924 2439 1007 2498 sedai

78 2520 201 2580 utillud
216 2522 397 2581 diminutum
421 2543 452 2580 se
472 2523 535 2580 solo
552 2524 665 2578 tantum
689 2521 836 2578 sufficeret
856 2521 896 2579 ad
915 2518 1007 2579 venial

77 2613 249 2679 peccatum:
265 2623 363 2683 neque
377 2603 490 2672 efficiat,
506 2614 540 2661 ut
553 2612 637 2659 actua
646 2601 719 2658 alias
732 2601 866 2658 mortalis
879 2601 930 2658 fiat
944 2599 1007 2657 veui

5 2680 9 2687 ’
77 2683 149 2741 alis:
179 2704 209 2743 v.
223 2704 253 2759 g.
278 2685 344 2760 quis
369 2684 470 2742 volens
491 2683 585 2741 furari
598 2681 798 2751 octoaolidos,
821 2701 879 2757 per
898 2698 1007 2738 errurea

76 2762 280 2822 invincibilem
295 2765 410 2822 furatur
425 2784 541 2833 novem,
557 2782 693 2821 excessus
706 2760 756 2818 ille
768 2762 857 2818 unius
872 2761 957 2818 solidi
969 2757 1007 2816 eri¹

77 2842 300 2903 circumstantia
313 2845 451 2902 minuens
463 2863 524 2901 non
538 2841 708 2900 notabiliter
719 2864 729 2912 ;
745 2841 816 2918 qaia
826 2861 905 2898 unas
915 2839 1007 2898 solida

78 2942 110 2980 se
124 2923 187 2981 solo
196 2944 258 2981 non
272 2924 378 2983 sufficit
391 2924 429 2981 ad
443 2934 598 3001 peccatam
612 2921 745 2980 mortale.

138 3005 283 3076 Quanam
304 3005 532 3063 circumstantiae
558 3013 630 3061 sunt
655 3003 687 3059 in
713 3001 902 3060 confessione
928 2998 1007 3078 expri

77 3085 217 3144 mendae?
921 3147 930 3161 ‚

117 3164 155 3224 V.
183 3167 218 3224 ll.
244 3166 356 3224 Omnes
379 3161 789 3241 circumstantitenotabiliter
802 3172 1007 3238 peccatumag·

76 3256 237 3322 gravantes
250 3246 298 3303 vel
308 3245 485 3315 minuentes,
501 3246 563 3303 eive
576 3244 634 3302 illae
648 3244 709 3300 aiut
723 3240 852 3318 speciem
866 3248 1007 3300 mutante·

76 3347 141 3384 sive
153 3346 224 3385 non.

119 3409 233 3465 Natant
252 3405 373 3483 Sylvius
397 3416 426 3464 et
449 3405 564 3464 Callet:
590 3403 670 3482 quad
692 3402 717 3460 si
741 3402 961 3460 circumstantia
979 3398 1007 3455 ita

76 3487 223 3545 minueret
245 3497 410 3564 peccatum,
436 3496 470 3543 ut
484 3486 521 3544 de
534 3484 651 3543 mortali
672 3483 783 3540 faceret
801 3483 928 3551 veniale,
951 3490 1007 3538 tunt

77 3567 189 3624 nonsit
209 3567 370 3624 necessarii)
391 3567 422 3623 in
441 3566 624 3624 confessione
646 3563 849 3640 exprimenda,
874 3562 931 3620 nisi
950 3560 1007 3618 dua

78 3647 144 3725 quis
158 3647 256 3724 ipsum
268 3645 382 3703 veniale
395 3658 549 3724 peccatum
564 3644 696 3704 confiteri
711 3643 808 3703 vellet.

111 3727 226 3788 Deliis
240 3726 330 3789 latinis
344 3728 446 3808 agitur
460 3729 495 3786 in
505 3727 610 3784 Tract.
637 3733 655 3758 ‘⁴
672 3723 713 3780 be
722 3724 912 3781 Sacramenta
925 3715 1007 3781 Poeai·

64 3816 86 3845 ‘¹
100 3810 240 3871 tentiae.”
