2160 4072
233 99 280 143 nn
303 98 449 144 nemus
472 99 642 143 nonnum.
767 153 772 161 ι
853 81 917 147 147

47 244 95 305 nis
107 251 127 280 “
140 243 281 304 ultimus”
293 256 348 314 est,
362 244 416 323 qui
430 245 473 305 sio
485 244 663 316 intenditur,
674 256 710 305 ut
722 247 760 307 ab
775 256 916 325 operante

47 326 194 385 referatur
207 324 246 385 ad
256 324 347 384 elium
360 326 457 384 finem.

47 406 95 464 nis
122 413 142 440 “
155 425 218 466 non
236 402 376 466 ultimum
390 415 444 477 ert,
470 405 524 484 qui
535 425 589 483 per
604 425 635 465 ee
648 406 771 485 quidem
790 417 826 466 ut
849 407 916 467 finis

47 487 148 558 rditur,
163 486 217 546 ned
229 485 281 556 eie,
305 496 340 545 ut
351 486 450 545 adhuc
463 485 502 545 ud
514 485 605 545 ulium
619 486 709 546 finem
721 487 877 547 referetur.

47 567 95 626 ,nis
111 566 321 646 “simpliciter
335 566 476 627 ultimuo''
495 577 550 638 eet,
564 566 618 644 qui
629 567 672 627 sie
693 567 869 638 intenditur,
883 580 919 627 ut

47 647 203 719 ¹moodem,
217 667 272 708 nec
287 647 317 706 in
330 646 394 707 uilo
411 647 470 705 ulio
492 665 603 725 genere
616 647 767 707 notionum
791 648 919 707 ulterius

47 728 115 785 ¹ium
129 727 223 786 finem
234 727 401 802 reseratum
415 728 465 786 hie
479 726 546 786 finio
560 727 703 787 ooinoidit
716 749 786 789 eum
799 728 859 787 fine
871 729 919 787 ul-

61 807 203 866 hominis.

46 887 94 946 nis
122 896 144 924 “
160 889 283 950 ultimus
307 885 472 947 secundnm
486 887 584 966 quid''
598 898 653 959 eet,
679 890 731 967 qui
745 891 864 948 tantum
886 890 918 947 in

47 1002 49 1023 ÷
62 968 145 1028 serie
155 971 305 1030 actionum
317 978 364 1027 est
374 966 518 1040 ultimue3
533 970 589 1027 sub
602 969 659 1029 hoe
673 969 842 1029 eontinetur
853 970 919 1029 finis

47 1069 99 1107 rus
113 1050 251 1110 actionis.

47 1140 199 1189 {monstra
212 1128 369 1209 praedictos
384 1126 457 1187 fines
470 1127 503 1185 in
515 1128 554 1187 uli
576 1150 616 1187 uo
623 1129 783 1207 exemplo?

61 1208 108 1268 Su
133 1222 274 1288 ponatur,
298 1208 380 1287 quod
399 1209 419 1269 J
421 1228 531 1267 oannes
544 1149 762 1289 eiedmosynam
775 1209 828 1269 det
840 1229 917 1288 pau-

50 1301 91 1349 ut
110 1231 165 1348 iic
177 1312 235 1371 pro
247 1291 312 1369 ipso
325 1298 398 1358 oret,
424 1289 526 1366 sieque
539 1289 604 1368 ipse
617 1289 833 1350 beatitudinem
848 1308 919 1349 eon·

47 1380 134 1429 rtur:
151 1372 183 1430 in
195 1370 254 1430 hoe
267 1369 431 1447 supposito,
447 1371 532 1429 Deus
546 1381 591 1429 est
605 1370 674 1429 finis
687 1376 710 1405 “
725 1370 823 1448 cujus,
847 1389 918 1447 ope-

47 1451 100 1509 nis
115 1461 148 1510 et
161 1450 285 1511 ultimus
295 1453 324 1523 ;''
344 1449 409 1528 ejus
422 1450 578 1528 possessio.
592 1450 658 1511 finio
683 1456 703 1487 “
713 1470 784 1528 qno,
806 1460 837 1509 et
854 1450 920 1527 ipse

47 1550 137 1591 mnes
153 1531 220 1591 finis
233 1530 282 1592 cui
291 1532 318 1590 :'’
332 1529 497 1590 sublevatio
510 1531 649 1609 pauperis
661 1540 707 1590 eet
717 1529 784 1589 finis
798 1536 818 1564 “
830 1529 918 1608 eujus

47 1613 296 1692 >peris,'’puuper
309 1610 376 1670 finio
385 1610 489 1683 “oui,”
501 1611 594 1671 oratio
606 1611 747 1691 pauperie
757 1609 848 1670 finie“
859 1629 919 1669 non

47 1695 126 1761 ms,’'
142 1702 200 1752 etc.

73 1854 114 1911 N.
147 1860 191 1955 3}
217 1852 275 1912 DE
300 1853 402 1913 FINE
421 1851 593 1912 ULTIMO
616 1850 817 1913 HOMINIS.

289 2013 326 2073 S.
344 2011 441 2073 Tuom.
455 2021 565 2092 ,quest
582 2022 608 2072 1.

47 2171 85 2229 ›la
100 2177 206 2230 nutura
229 2171 377 2231 rationulis
400 2170 461 2250 ugit
479 2178 598 2249 propter
611 2171 712 2248 finem.
756 2170 800 2229 11.
829 2169 916 2229 Actor

47 2257 208 2308 :monrcumt
218 2269 257 2327 pr
293 2260 335 2309 ter
346 2249 441 2326 finem.
484 2251 544 2309 ΙΙΙ.
566 2249 632 2310 Nou
641 2257 733 2328 potae
747 2250 922 2309 romonum

47 2271 326 2467 'eiiiieiimssoe
338 2330 450 2390 ultimos
468 2328 641 2408 simpliciter,
684 2331 738 2392 IV.
757 2328 922 2388 Netinor-

53 2566 203 2625 DOCET
219 2566 248 2625 S.
259 2565 388 2625 Thomas
403 2576 456 2625 art.
470 2575 500 2625 2.
515 2565 594 2645 quod
610 2567 649 2624 sit
660 2565 814 2643 proprium
834 2577 921 2622 natu-

47 2645 168 2704 ntionali
182 2665 270 2724 agere
279 2657 403 2725 propter
417 2646 516 2717 finem,
545 2645 672 2723 seipsam
682 2645 831 2704 movendo
844 2644 876 2702 in
889 2644 925 2709 fi-

53 2750 63 2797 ;
88 2728 180 2785 bruta
190 2726 271 2785 enim
282 2737 312 2785 et
326 2727 383 2785 alia
396 2726 610 2786 irrationabilia
619 2725 746 2804 proprie
760 2745 821 2785 non
831 2736 926 2802 agunt

47 2807 98 2865 tter
112 2805 213 2876 finem,
239 2806 292 2865 sed
315 2806 415 2886 potitis
429 2819 561 2885 aguntur
570 2807 602 2864 in
610 2806 699 2867 finem
721 2809 862 2866 inaturt
880 2805 926 2864 vel

47 2886 162 2945 uthore
176 2896 288 2945 naturae
300 2911 309 2959 3
338 2888 408 2965 quia
421 2907 481 2945 non
492 2899 677 2965 cognoscunt
700 2886 922 2966 proportionem

47 2966 226 3026 rbitudinem
240 2966 406 3026 mediorum
417 2967 455 3025 ad
468 2968 566 3038 finem,
582 2966 633 3025 sed
647 2967 684 3028 in.
693 2967 783 3026 finem
796 2966 920 3045 rapiun-

47 3047 229 3106 nclinutione
245 3059 380 3120 neturae3
409 3049 451 3106 sic
470 3049 550 3106 canis
565 3047 693 3109 clamans
706 3046 745 3106 ud
756 3047 923 3117 dominum,

47 3146 129 3186 inem
143 3127 280 3204 occipiat,
304 3147 363 3185 non
378 3129 473 3199 novit,
488 3129 570 3206 quod
583 3128 695 3187 *clamor
709 3127 761 3212 iile
774 3127 926 3193 dominum

47 3219 97 3277 tet,
127 3227 180 3266 seu
207 3207 289 3284 quod
304 3208 341 3266 sit
366 3207 497 3266 medium
512 3209 551 3266 ad
564 3229 670 3287 panem
696 3207 901 3286 accipiendum
914 3223 924 3262 e

53 3289 118 3348 vieo
130 3307 219 3367 pune,
232 3298 369 3347 movetur
378 3289 504 3347 naturali
514 3288 667 3358 instinctu,
678 3288 717 3348 ad
727 3287 813 3360 illum
828 3304 923 3364 appe-

48 3387 100 3426 um
115 3378 146 3427 et
159 3367 198 3425 ad
219 3367 414 3426 clamandum.

47 3447 59 3504 ἶ.
75 3448 177 3507 Docet
191 3446 222 3506 S.
233 3446 340 3506 Thom.
355 3459 408 3506 art.
424 3457 447 3506 l.
461 3447 540 3524 quod
555 3448 645 3506 homo
655 3448 686 3504 in
695 3446 776 3504 omni
784 3457 855 3525 lactu
866 3444 923 3503 hu-

47 3548 63 3585 o
87 3546 205 3605 semper
218 3538 289 3605 agat
301 3540 422 3606 propter
432 3528 560 3606 aliquem
572 3529 659 3586 finem
669 3548 680 3597 ,·
690 3527 761 3605 quia
771 3525 867 3584 omnis
875 3545 924 3585 oc·

47 3606 195 3672 lelibereto
209 3617 254 3666 est
266 3619 389 3686 propter
399 3610 510 3666 bonum
525 3607 647 3686 uliquod
658 3627 761 3665 verum
772 3606 847 3665 vela
869 3626 923 3685 pu-

47 3627 936 3768 ;bonumautemillud,qu0dmovetadagendummuixtn.
998 3749 1002 3756 ¹

47 3766 519 3830 unmmnmomusfiominis?
553 3805 556 3812 ι

415 3870 435 3908 o
450 3857 472 3909 2
