2160 4072
431 118 477 163 ns
500 116 568 161 nso
932 100 975 165 73

10 265 131 335 uectis,
148 262 219 343 qui
232 263 336 343 reipsa
347 262 421 323 solvi
434 263 519 335 fiunt,
528 262 607 323 inter
617 282 693 341 quos
705 264 794 342 pauci
804 274 874 323 sunt
889 264 974 323 electi

10 366 48 407 eu
65 345 210 415 eximii,
226 354 323 423 prout
336 343 449 407 dictum
464 353 510 403 cst
524 346 615 405 Num.
630 350 675 415 19.

30 425 146 503 Quod
157 445 207 483 ex
231 424 264 483 S.
279 424 490 503 chrysostomo
503 424 613 483 adduci
627 424 711 494 solet,
727 424 866 484 dicente:
881 424 974 484 “Vix

10 516 172 569 'centum
186 504 357 565 solvendos
365 524 403 563 ex
416 514 461 563 tot
470 504 613 575 millibus,
624 505 675 581 qui
685 516 771 565 erant
780 505 976 576 Antiochiae,''

10 608 52 655 pc
67 585 313 665 exaggerative
326 584 441 644 dictum
453 596 516 655 est„
530 597 561 643 et
573 602 633 642 non
648 586 792 655 absolutt,
817 586 870 645 sed
891 586 915 644 si
930 606 976 645 se·

10 678 150 749 luuntur
163 665 348 745 spectacula
361 685 446 735 vana,
460 665 609 735 libidines,
624 666 705 735 vitia,
720 677 776 725 etc.
790 678 881 744 prout
894 676 976 743 patet

10 768 41 819 ιι,
50 748 143 827 ipsis
159 744 284 805 vetbis.
314 764 317 769 ·

10 874 14 879 -
37 829 114 889 111.
133 826 214 900 Qui
227 824 366 903 inhujus
377 826 547 903 quaestionis
555 826 764 885 incertitudine
776 838 886 885 certam
898 826 975 886 viam

10 910 69 977 rult
84 905 243 984 ingredi,
257 906 385 983 practice
398 906 567 977 concludat,
581 907 735 966 arctiorem
750 908 829 965 viam
841 908 896 970 sibi
912 927 975 966 esse

10 988 212 1069 digendam,
239 984 364 1045 firmiter
383 986 513 1046 retinens
537 1008 615 1057 eum,
634 988 685 1063 qui
699 988 776 1046 bene
802 987 877 1045 vivit
898 990 976 1048 bene

31 1070 96 1139 ori,
114 1079 271 1127 metuens
285 1068 367 1137 verri,
381 1086 430 1137 ne,
444 1067 469 1127 si
487 1067 596 1127 vixerit
608 1078 699 1145 prout
712 1067 848 1147 plerique
859 1069 975 1139 vivunt,

87 1149 265 1229 plerisque
277 1146 353 1206 forte
373 1148 538 1207 damnetur.

19 1368 22 1373 .
69 1312 117 1371 N.
146 1310 202 1373 51.
225 1308 287 1375 DE
309 1308 450 1368 SIGNIS
472 1309 916 1373 PRAEDESTINATIONIS.

57 1473 169 1533 Error
189 1467 424 1529 Caloirrictorum.
442 1468 546 1529 Nullus
560 1477 600 1527 est
613 1477 706 1526 certor
716 1469 753 1527 de
765 1488 818 1525 sua
829 1470 979 1545 proedesti-

49 1551 189 1611 nutione.
239 1547 281 1607 ll.
297 1546 376 1607 Dori
389 1556 478 1638 potest
492 1551 618 1639 quedam
631 1548 768 1607 certitudo
780 1550 978 1627 corp‘cctrrolr‘r

54 1630 122 1691 ΙΙΙ.
148 1629 249 1710 Signa
259 1627 524 1706 proedestmotromc.

53 1776 124 1837 AN
139 1774 216 1853 quis
229 1776 328 1850 potest
341 1790 404 1831 esse
416 1781 516 1831 certus
526 1792 557 1830 se
571 1791 635 1830 csse
644 1770 888 1849 praedestinatum
901 1779 913 1832 ἓ

59 1857 86 1915 l.
101 1856 144 1914 R.
162 1853 338 1913 Calvinistae
351 1852 465 1922 volunt,
481 1871 725 1929 unumquemque
735 1851 851 1910 fidelem
868 1853 975 1913 debere

96 1954 154 1995 ere
162 1935 228 1992 fide
241 1933 342 1991 divine
356 1952 388 1991 se
401 1952 464 1991 esse
477 1932 732 2010 predestinatum.

63 2016 130 2075 Sed
144 2015 288 2074 doctrina
307 2013 460 2072 catholica
482 2011 603 2070 definita
623 2023 668 2070 est
688 2013 719 2070 in
736 2012 850 2074 Concil.
891 2014 976 2074 Trid.

88 2096 136 2157 .6.
152 2113 222 2170 cap.
242 2103 288 2154 12.
303 2104 334 2152 et
347 2095 417 2152 Can.
433 2093 477 2152 16.
492 2093 641 2151 neminem
655 2093 718 2150 sine
728 2093 848 2171 speciali
863 2094 977 2152 revela·

91 2197 110 2236 e
124 2186 247 2235 certum
259 2194 322 2234 esse
333 2194 421 2251 posse
431 2172 469 2231 de
489 2194 543 2232 suc
555 2172 820 2250 predestinatione.
846 2175 931 2232 Patet
940 2196 977 2234 ex

105 2302 114 2315 .
129 2276 202 2334 cup.
216 2265 247 2325 9.
261 2274 289 2314 v.
307 2263 333 2313 l.
362 2261 381 2289 ‘¹
395 2255 499 2312 Nescit
512 2254 601 2312 homo
615 2252 833 2324 utrrlmnmore,
855 2274 893 2311 an
907 2256 977 2315 odio

60 2337 178 2415 dignus
193 2336 261 2394 sit.”

70 2417 147 2496 obj.
163 2416 218 2476 Ad
234 2417 319 2475 Rom.
334 2436 397 2494 cap.
414 2422 442 2475 8.
456 2436 484 2474 v.
498 2422 545 2475 38.
557 2415 630 2475 dicit
643 2416 823 2493 Apostolus:
839 2423 860 2451 “
871 2418 977 2475 Certus

66 2516 147 2567 sum,
164 2498 239 2575 quia
261 2517 358 2575 neque
373 2516 460 2566 mors,
485 2516 582 2574 neque
596 2498 692 2555 vita...
723 2493 766 2568 (v.
782 2499 846 2574 39.)
867 2496 978 2574 poterit

62 2598 119 2636 nos
141 2576 281 2655 separare
296 2578 313 2636 ὲ
327 2577 469 2635 charitate
491 2577 580 2635 Dei.”

73 2656 120 2717 11.
158 2660 196 2717 R.
221 2657 279 2715 Vel
309 2656 470 2735 Apostolus
496 2657 538 2714 ibi
565 2655 700 2733 loquitur
727 2656 766 2714 de
799 2657 977 2716 certitudine

75 2738 179 2808 ueisli,
202 2738 251 2796 vel
265 2738 398 2815 loquitur
420 2738 452 2794 in
466 2756 591 2815 persona
612 2734 792 2806 Electorurn,
818 2740 976 2815 dquorum

106 2838 172 2889 ero,
189 2838 221 2876 se
232 2838 350 2896 eosque,
365 2818 403 2877 ad
423 2838 498 2895 quos
512 2817 624 2886 scribit,
636 2815 896 2876 confidebatesse:
913 2838 977 2876 cer-

54 2902 57 2907 ’
68 2910 199 2959 sautem
213 2909 277 2956 eret
285 2899 447 2976 Apostolus
461 2899 498 2956 de
511 2898 563 2955 illa
576 2896 711 2967 veritate,
732 2898 812 2975 qubd
825 2899 977 2956 salventur

119 2979 252 3048 estinati,
266 2978 337 3037 licet
347 2979 507 3057 ignoraret,
518 2979 639 3054 quinam
651 2976 694 3034 illi
708 2989 813 3037 essent.

74 3061 284 3137 Assignantur
304 3070 404 3118 tamen
417 3062 434 3117 ὲ
449 3060 500 3117 SS.
522 3058 659 3116 Patribus
674 3058 758 3134 signa
772 3059 918 3135 quedam,
931 3078 973 3117 ex

56 3141 148 3199 uibus
157 3138 309 3198 certitudo
317 3139 454 3218 quedam
464 3138 619 3208 fiducialis,
631 3139 978 3217 autconjecturalis‚con-

84 3221 94 3279 i
106 3230 212 3299 potest
225 3219 264 3277 de
272 3219 531 3297 predestinatione
543 3218 669 3296 alicujus
676 3241 685 3288 ;
700 3238 767 3295 quae
780 3230 880 3278 tamen
890 3216 979 3276 certi-

69 3299 111 3360 do
119 3320 184 3359 non
193 3299 326 3359 excludit
334 3301 480 3367 timorem,
490 3298 606 3358 dicente
618 3301 720 3375 Apost.
731 3300 769 3356 cd
782 3299 856 3357 Phil.
872 3318 897 3358 c.
909 3304 937 3354 2.
949 3316 978 3356 v.

58 3389 88 3440 2.
100 3389 123 3415 ‘⁶
137 3383 218 3440 Cum
227 3390 309 3449 metu
322 3390 351 3439 et
364 3391 492 3438 tremore
506 3392 634 3439 vestram
650 3378 774 3437 salutern
788 3376 979 3456 operamini.’'

76 3464 231 3536 Quaenem
245 3472 315 3520 sunt
328 3460 379 3520 illo
393 3461 499 3538 signa?

78 3542 143 3601 lll.
160 3542 199 3599 R.
222 3540 367 3613 Primum,
393 3557 436 3599 est
458 3542 630 3617 frequenter
644 3548 674 3596 et
697 3539 843 3616 patienter
858 3537 981 3596 sufferre

45 3622 256 3681 udrereitotesr
284 3623 327 3680 ita
340 3623 391 3680 SS.
411 3622 537 3698 Gregor.
552 3629 583 3678 et
604 3619 756 3696 chrysost.
782 3618 814 3676 in
828 3617 981 3676 illaverba

46 3700 134 3761 Lucre
147 3720 219 3777 cap.
233 3700 279 3760 16.
290 3723 318 3761 v.
326 3709 374 3761 25.
391 3708 412 3735 “
422 3701 489 3772 Fili,
501 3699 658 3760 recordare
669 3700 742 3779 quia
753 3697 995 3781 recepistibonu

42 3783 75 3838 in
87 3782 148 3838 vira
160 3791 218 3846 tus,
239 3790 270 3835 et
280 3782 414 3840 Lazarus
432 3781 573 3843 similiter
587 3782 697 3845 mala?

73 3857 170 3912 Tract
184 3856 221 3911 de
232 3856 301 3915 Deo.
537 3887 559 3926 Η
