2160 4072
309 110 356 154 uu
371 108 706 156 cunsrronssrnnm.
903 90 969 155 1⁴11
993 158 1001 171 ,,

41 232 43 237 ,
80 255 87 270 '
102 257 141 314 ab
151 254 204 315 uls
217 257 471 334 proservsbstun
487 256 576 326 unde,
591 255 702 317 crimin
714 276 833 334 poensm
843 230 999 316 iamim-'²
1012 287 1016 293 ·

90 337 136 395 cio
149 336 284 416 privatus
298 336 346 406 sit,
358 336 487 415 privatio
496 337 548 395 illa
560 347 591 396 et
604 347 819 416 consequenter
831 355 911 396 mors
925 342 974 396 est'

73 460 228 570 Quomodo
241 495 410 555 verificatur
419 497 588 559 maledictio
600 497 632 555 in
644 507 810 574 serpentem
821 495 881 555 lats
890 496 969 555 Gen.

90 582 137 637 .8.
151 596 180 635 v.
193 583 239 635 14.
261 577 388 654 “Super
400 587 506 655 pectus
520 589 605 636 tuum
617 577 762 654 gradieris
776 579 804 648 ;''
819 577 883 636 oiim
899 587 968 635 snte

104 735 146 794 ml
175 674 320 797 ?serpens
332 676 424 734 super
436 669 541 736 pectus
552 659 738 734 graderetur,
763 657 856 734 idque
878 656 918 716 sit
940 656 968 714 ei

80 813 130 874 111.
144 756 181 876 it
192 815 338 888 Quamvis
347 815 380 874 id
393 816 421 875 ei
435 827 512 874 esset
524 817 667 888 naturaie,
677 828 777 877 tamen
789 825 859 894 post
871 815 963 874 male·

98 897 188 956 'onem
204 895 292 954 cessit
302 896 376 955 iilud
388 898 518 973 serpenti
532 898 564 956 in
578 898 766 977 opprobium,
780 895 963 956 execration-

81 986 306 1116 Medlelddiciidndh
319 1057 409 1116 etiam
423 1057 592 1117 verificatur
605 1059 636 1116 in
656 1057 784 1128 diabolo,
808 1056 870 1135 qui,
894 1057 965 1115 dum

119 1135 255 1215 superbit
284 1137 463 1206 intumescit,
485 1138 524 1196 ad
546 1149 656 1198 terram
669 1159 765 1216 usque
780 1137 967 1216 deprimitur.

122 1218 150 1277 S.
165 1218 223 1276 Th.
239 1225 268 1276 2.
282 1225 310 1277 2.
322 1230 425 1295 quast.
444 1217 509 1278 165.
520 1230 576 1278 art.
591 1226 619 1278 2.
633 1218 671 1277 sd
685 1227 714 1279 4.

78 1384 152 1437 .104.
196 1377 254 1436 DE
269 1375 407 1438 LIGNO
430 1377 641 1438 SCIENTIAE
655 1377 760 1438 BONI
776 1378 832 1437 ΕΤ
848 1375 967 1437 MALI.

65 1506 164 1596 'Unde
190 1537 292 1596 dictum
319 1536 426 1617 lignum
439 1537 639 1597 scientiaebons'
651 1546 677 1598 et
691 1536 767 1596 moli.
809 1536 852 1596 ΙΙ.
875 1534 965 1614 Cujus

79 1616 168 1692 periei
190 1614 264 1694 suit,
292 1615 447 1695 ignoratur.
503 1617 563 1677 111.
598 1617 772 1696 Praeceptum
801 1614 862 1692 fuit
894 1615 967 1671 mere

77 1695 229 1769 positivum.
275 1698 329 1755 1V.
346 1695 484 1773 Obfinem
495 1717 620 1774 grovero.

41 1764 48 1907 i
74 1855 249 1916 GENESIS
263 1877 327 1935 cap.
342 1864 369 1915 2.
381 1877 410 1913 v.
423 1863 469 1923 17.
479 1856 590 1935 legitur
600 1855 657 1916 hoc
667 1868 850 1936 praeceptum
864 1856 967 1915 datum

41 1923 165 1996 'Adrmor
182 1943 203 1971 “
216 1937 266 1995 De
280 1937 362 2014 ligno
376 1936 504 1996 scientiae
513 1939 584 1996 boni
595 1948 626 1996 et
637 1939 707 1996 mali
721 1959 761 1996 no
774 1935 937 1996 comedas.”

74 2015 168 2153 Qupre
183 2026 320 2076 vocatum
335 2026 380 2075 est
392 2016 471 2077 istud
481 2017 608 2096 lignum,
621 2017 738 2095 lignum
752 2015 880 2076 scientiar
890 2015 962 2074 boni

41 2099 65 2146 rt
76 2115 119 2152 ma
131 2097 140 2154 i
151 2101 164 2155 i

76 2175 96 2232 1.
111 2176 146 2235 R.
162 2177 212 2236 Sic
225 2177 339 2238 dictum
354 2187 399 2236 est
424 2179 463 2236 ab
483 2189 601 2249 eventu,
623 2156 798 2256 induantdm
811 2174 901 2254 primi
914 2196 967 2256 ps·

41 2262 128 2343 'potes
141 2277 195 2335 per
209 2257 273 2337 ejus
287 2278 369 2318 esum
384 2257 653 2336 experimentaliter
665 2269 813 2319 noverunt
826 2255 964 2316 differen-

41 2332 99 2395 ὕεια
113 2337 184 2395 boni
198 2350 228 2397 et
241 2339 331 2397 mali:
358 2337 419 2397 dici
451 2338 539 2397 etiam
563 2349 661 2416 potest
685 2341 726 2399 sic
744 2349 881 2399 vocatum
895 2357 969 2406 esse,

41 2416 229 2490 ininterpens
239 2439 276 2477 ex
289 2419 354 2496 ejus
367 2439 418 2478 esu
428 2419 578 2477 scientiam
588 2418 658 2478 boni
667 2429 697 2478 et
706 2419 776 2478 mali
786 2416 969 2498 promiserat.

73 2497 162 2577 Cujus
177 2498 285 2577 speciei
300 2499 359 2557 fuit
371 2498 452 2557 istud
466 2498 606 2577 lignum?

74 2576 114 2636 ΙΙ.
130 2580 166 2638 R.
180 2579 358 2657 ignoratur:
371 2579 493 2656 quidam
507 2579 676 2637 existimant
688 2579 780 2638 fuisse
802 2577 899 2647 ficum,
914 2576 964 2634 alii

41 2655 158 2731 haiom3
182 2660 252 2737 quia
266 2658 361 2719 Canti.
376 2678 439 2736 cap.
464 2667 492 2718 8.
506 2679 535 2716 v.
550 2665 577 2716 5.
591 2657 720 2736 legitur:
746 2665 767 2693 ·‘
782 2657 847 2717 Sub
859 2657 965 2716 arbore

41 2733 218 2798 '‘malo...ibi
241 2749 383 2817 corrupta
406 2748 451 2796 est
477 2751 571 2797 mater
598 2740 675 2796 ωτι.υ
710 2738 747 2796 In
771 2735 964 2797 Cutechismis

41 2815 104 2876 tolet
115 2819 147 2877 in
161 2819 219 2878 hac
231 2820 353 2896 regione
366 2817 425 2876 dici
438 2818 530 2877 fuisse
545 2819 665 2890 malum,
690 2819 840 2888 sumendo
853 2816 965 2876 malum

41 2898 164 2969 generice
174 2920 232 2978 pro
244 2917 432 2978 quacumque
445 2900 550 2958 arbore
560 2899 725 2959 fructifert.

70 2976 166 3051 Quale
175 2979 234 3039 fuit
246 2990 425 3055 praeceptum
437 2979 547 3037 deuon
561 2980 677 3039 edendo
690 2980 729 3038 de
741 2981 798 3038 isto
810 2977 915 3057 ligno?

71 3056 129 3116 111.
146 3061 183 3121 R.
198 3060 271 3120 Fuit
290 3069 473 3138 praeceptum
498 3059 557 3119 Dei
583 3063 663 3119 mere
688 3059 856 3137 positivum.
884 3058 964 3136 quod

41 3137 176 3216 obligavit
198 3139 288 3199 etiam
315 3140 453 3209 Horam·
463 3149 502 3217 yut
524 3151 606 3218 patet
629 3161 666 3199 ex
681 3145 757 3198 Gen.
772 3160 834 3218 cap.
850 3146 878 3198 3.
892 3157 921 3196 v·
936 3146 964 3196 3.

41 3216 200 3296 Obligasset
210 3219 298 3279 etiam
309 3239 411 3277 omnes
424 3219 532 3278 Adami
544 3232 685 3297 posteros,
698 3220 750 3279 sed
759 3240 815 3297 pro
825 3218 885 3280 suis
894 3235 963 3294 per-

41 3301 105 3359 nonis
117 3302 248 3368 tontum,
262 3301 287 3357 si
302 3309 394 3358 status
404 3300 580 3375 innocpntiae
589 3309 815 3378 perseverasset.

67 3379 230 3454 Quomodo
242 3380 436 3456 transgressio
450 3378 535 3438 istius
548 3381 688 3460 praecepti
710 3380 769 3440 fuit
791 3389 852 3437 tam
872 3393 964 3452 grave

41 3471 193 3533 mustum,
207 3459 276 3519 cirm
290 3480 338 3518 res
350 3472 427 3518 esset
439 3460 536 3520 levis?
572 3525 576 3530 .
756 3514 761 3524 .

68 3538 119 3598 iv.
133 3540 282 3615 Quamvis
298 3560 366 3599 esus
379 3538 495 3599 fructus
513 3541 544 3598 in
559 3561 590 3599 se
604 3552 681 3616 esset
692 3560 740 3600 res
752 3537 836 3612 levis,
847 3545 909 3597 erat
922 3547 967 3596 ts-

41 3638 92 3677 nen
104 3621 210 3696 gravis
219 3621 259 3678 ob
280 3620 367 3678 finem
381 3620 523 3700 praecepti
536 3641 668 3700 gravem.

65 3696 141 3775 Quis
154 3699 215 3763 fuit
225 3700 284 3761 iste
296 3699 364 3760 finis
368 3700 493 3783 gravis?
