2160 4072
366 118 413 165 ns
436 120 677 167 consensum.
929 105 993 169 405

53 266 227 326 utentiam
242 276 312 325 sunt
323 266 440 327 inducti
450 291 461 340 ;
473 268 555 327 unde
565 269 606 327 ait
621 267 727 338 Collet,
741 268 935 346 probabilitas
945 288 998 327 ex·
1066 282 1070 289 ’

53 347 173 407 Inseca
186 367 251 406 non
260 357 319 405 tam
331 368 368 407 ex
376 368 500 408 numero
509 350 674 408 Doctorum
685 346 895 421 metiendam,
907 352 998 428 quim

53 448 65 485 r
80 448 207 487 eorum
216 428 332 499 merito,
347 429 490 502 doctrina,
502 429 611 501 studio,
625 426 781 506 diligentia
793 438 824 487 et
846 430 998 489 communi

53 508 235 567 rudentum
254 508 456 568 aetimatione.
686 536 691 548 ·

68 589 151 651 111.
187 588 355 668 Propositio
379 589 436 649 alia
458 588 570 650 dicitur
593 590 786 669 probabilior,
818 600 885 669 q‘uae
908 590 999 651 habet

52 678 229 749 rgumenta
238 669 357 749 majoris
369 671 521 747 ponderis,
536 670 670 751 adeoque
680 670 894 743 verisimiliora,
909 673 999 750 quim

53 751 99 809 brt
116 762 306 828 argumenta
317 750 410 828 partis
420 751 579 829 oppositaer
592 754 751 831 paravero,
774 770 839 827 qua
851 751 943 811 habet
952 770 999 811 ar·

53 840 198 889 umenta
211 830 332 889 miuoria
345 830 496 908 ponderis,
511 843 633 891 vocatur
648 838 668 866 “
680 830 779 889 mimis
789 832 980 908 probabilis.''

72 910 143 968 IV.
174 911 255 968 Duae
268 912 420 971 sententia
445 932 496 971 seu
513 913 730 992 propositiones
752 910 893 972 dicuntur
915 914 998 989 aeque

53 989 237 1130 robalpl'rffis,
251 990 277 1050 si
288 991 418 1051 habeant
427 1003 603 1071 argumenta
611 1011 667 1072 pro
680 1003 711 1051 et
724 1004 826 1052 contra
836 1014 868 1053 ae
881 991 1001 1051 morali·

53 1092 78 1133 u·
91 1092 124 1131 m
217 1092 244 1129 a.
713 1106 716 1111 -
863 1092 866 1099 ¹

71 1092 420 1213 V.qSententiadicitur
434 1161 455 1189 “
476 1153 746 1232 probabilissima,”
769 1174 836 1231 qua
848 1152 939 1212 habet
952 1173 999 1211 ar·

52 1242 197 1292 omenta
218 1242 329 1290 tantam
358 1233 647 1293 verisimilitudinem
667 1224 828 1305 afferentia,
856 1244 891 1292 ut
910 1252 1001 1310 argu-

53 1324 150 1373 ienta
171 1312 310 1391 opposita
328 1312 361 1370 in
374 1315 479 1373 morali
493 1306 729 1373 considerationi
747 1322 942 1373 evanescant:
970 1323 1000 1372 et

53 1403 213 1471 ropterea
224 1392 324 1451 vocari
333 1393 409 1453 solet
422 1395 573 1454 moraliter
589 1415 624 1454 ac
636 1394 765 1472 practice
779 1406 866 1453 certa.

75 1474 145 1533 vl.
162 1472 317 1532 Sententia
325 1493 376 1533 seu
392 1476 494 1553 opinio
504 1476 665 1534 communis
677 1475 786 1534 dicitur
797 1475 885 1552 juxta
894 1473 999 1532 Prein-

54 1574 125 1615 uez
161 1563 194 1612 et
207 1553 312 1624 Collet,
338 1575 405 1631 quae
418 1575 474 1634 pro
488 1576 518 1614 se
537 1554 627 1629 habet
648 1567 714 1614 octo
732 1564 784 1625 aut
805 1555 908 1613 decem
932 1556 999 1613 Au-

53 1638 152 1694 'nores
167 1652 285 1712 graves,
297 1634 349 1711 qui
363 1644 425 1693 rem
441 1656 501 1694 non
514 1635 727 1713 perfunctorie,
749 1655 806 1693 nec
820 1635 892 1693 alios
905 1633 999 1693 instar

53 1734 163 1775 ruum
178 1715 283 1784 secuti,
292 1715 346 1773 sed
359 1734 396 1774 ex
409 1717 542 1794 professo
554 1728 584 1775 et
604 1716 740 1776 funditas
752 1716 918 1775 tractarint.

79 1793 167 1855 v11.
181 1794 292 1872 Opinio
307 1800 328 1830 “
338 1797 606 1869 communior''est,
621 1817 709 1876 quam
724 1797 816 1873 major
830 1796 998 1855 Doctorum

53 1893 195 1935 mmerus
205 1884 273 1953 post
286 1874 365 1934 idem
379 1879 488 1936 serium
499 1898 623 1936 examen
633 1877 822 1955 amplectitur
834 1900 844 1947 3
864 1886 895 1933 et
909 1882 930 1909 “
942 1873 999 1933 mi·

53 1964 60 1991 ³
73 1957 140 2015 nus
148 1955 342 2026 eommunis,’'
353 1975 420 2033 quae
435 1962 451 2016 a
464 1958 655 2036 paucioribus
670 1967 798 2015 tenetur.

82 2037 197 2095 Potest
204 2034 270 2093 viro
279 2036 368 2094 docto
382 2038 527 2096 sententia
540 2038 640 2114 aliqua
664 2056 727 2095 esse
740 2032 932 2114 probabilior,
953 2044 999 2092 ta·

53 2115 138 2176 netsi
163 2115 203 2173 sit
219 2114 320 2175 minda
346 2117 534 2189 eommunis;
557 2118 628 2195 quia
641 2116 705 2175 lieri
725 2124 834 2194 potest,
879 2113 938 2172 uod
953 2114 999 2172 vir

53 2198 160 2257 loetus
179 2207 248 2274 post
268 2207 419 2269 maturum
442 2206 564 2256 examen
592 2196 797 2276 deprehendat
817 2134 999 2254 madidiorem

53 2276 186 2354 iliquam
198 2276 343 2335 rationem
357 2278 422 2337 aliis
432 2278 622 2358 incognitam,
638 2277 669 2337 vi
690 2278 780 2357 cujus,
789 2274 936 2335 sententia
948 2273 999 2333 illa

53 2358 75 2416 ei
97 2356 212 2417 evadat
230 2359 421 2434 probabilior.
543 2428 547 2433 1
727 2376 730 2381 ·
831 2378 834 2383 ’
898 2412 901 2419 .

90 2439 147 2495 An
160 2436 302 2497 differunt
312 2440 389 2498 inter
401 2460 433 2500 se
445 2439 713 2520 magis'probabile,
728 2448 758 2497 et
769 2437 864 2514 magis
877 2425 987 2497 tutatri-

90 2516 187 2575 VIII.
199 2516 237 2575 R.
252 2518 435 2581 Affirmative
447 2542 455 2581 r
469 2540 538 2579 nam
562 2522 660 2599 magis
673 2518 828 2598 probabile
842 2517 951 2577 dieitur
962 2532 999 2571 ex

53 2597 160 2677 majori
173 2597 305 2658 veritatis
326 2601 508 2679 apparentia,
529 2603 624 2678 magis
645 2610 745 2659 tutum
769 2598 870 2657 verbi
890 2592 999 2654 minori

53 2677 200 2755 peccandi
225 2679 379 2757 periculo:
409 2692 439 2740 et
452 2680 523 2740 hino
548 2682 628 2758 quod
653 2691 698 2739 est
720 2679 812 2757 magis
833 2674 1000 2756 probabile,

53 2778 133 2837 sape
147 2770 193 2816 est
200 2759 299 2818 minis
316 2772 415 2820 tutum
428 2785 438 2835 3
453 2761 496 2820 sio
510 2762 704 2840 opinio,'quae
718 2760 801 2829 dicit,
812 2767 999 2841 peccatorem

53 2838 156 2897 atatim
171 2839 282 2917 allapsu
295 2842 390 2900 teneri
401 2842 523 2912 conteri,
547 2852 593 2900 est
601 2826 697 2919 magis
706 2851 779 2910 tuta,
795 2838 931 2917 quamvls
945 2854 999 2915 op·

53 2920 153 2997 posita
165 2920 312 2979 sententia
325 2924 341 2980 ὲ
355 2922 457 2980 multis
472 2932 628 3000 reputetur
641 2923 728 2999 longe
749 2918 939 2998 probabilior.

96 2999 155 3057 IX.
168 3000 351 3074 Notandum,
362 3001 442 3078 qudd
453 3014 487 3063 ut
502 3002 616 3081 aliquid
627 3002 743 3060 dicatur
756 2999 929 3078 probabile,
939 3006 1000 3053 non

53 3079 181 3139 sufficiat
195 3079 418 3160 qualiscumque
428 3084 503 3142 ratio
517 3092 568 3141 aut
580 3083 751 3152 authoritas,
767 3080 820 3140 sed
832 3078 1001 3157 requiratur

53 3159 201 3219 motivum
215 3180 267 3219 seu
275 3161 500 3237 fundamentum
511 3182 613 3240 grave,
626 3162 708 3240 quod
717 3172 818 3221 natum
830 3160 868 3216 sit
880 3172 1001 3214 movere

53 3240 154 3300 virum
168 3239 365 3317 prudentem3
386 3242 457 3302 hinc
471 3243 641 3302 Alexander
655 3243 728 3301 VII.
753 3237 905 3301 damnavit
924 3236 1002 3294 hanc

53 3321 287 3399 propositionem
302 3331 352 3395 29,
375 3329 395 3357 ‘⁴
409 3323 439 3383 Si
453 3323 530 3382 liber
544 3324 583 3382 ait
595 3316 721 3401 alicuju't
732 3319 860 3399 junioris
884 3327 914 3375 et
937 3335 1002 3372 mo·

54 3408 76 3435 “
89 3401 187 3469 derni,
197 3403 286 3461 debet
302 3403 403 3481 opinio
417 3405 529 3462 censeri
537 3402 712 3483 probabilis,
726 3404 795 3460 ‹lu'm
817 3408 878 3456 n'on
889 3402 1003 3456 constat

54 3485 75 3555 ’ᾗ
83 3481 225 3560 rejectam
241 3502 304 3542 esse
318 3486 333 3540 i
348 3484 380 3543 S.
395 3483 471 3542 Sede
485 3483 657 3561 Apostolica
669 3493 810 3561 tanquam
821 3474 1004 3555 improbabi-

54 3567 76 3595 “
89 3562 180 3621 lem.”
200 3562 241 3620 Et
256 3565 401 3622 Innocent
411 3564 467 3623 XI.
481 3564 632 3623 damnavit
645 3563 723 3621 hanc
735 3579 861 3621 numero
870 3557 1001 3616 tertiam:
1056 3583 1061 3593 ·

54 3648 77 3675 “
91 3639 277 3714 Generatim,
292 3645 363 3703 dum
387 3643 606 3721 probabilitate,
628 3644 692 3717 sive
704 3642 864 3702 intrinseca
879 3638 942 3695 sive
965 3654 1002 3693 ex

54 3726 77 3760 “
89 3720 431 3801 ninseea,·quantumvia
441 3717 1017 3807 tenui,'modoiprobabili'tatislxdmus
