2160 4072
259 116 306 163 nt
329 117 529 163 caumont:
552 117 677 162 nonos.
881 101 945 166 143

26 261 237 340 ‘paradisum,”
254 282 383 342 eumque
398 283 452 342 per
466 262 681 342 impedimenta
695 262 831 341 quedam
855 266 951 326 seelu-

89 362 153 402 esse
162 344 205 404 ab
218 363 338 404 aecem
350 354 460 402 nostro.

55 422 94 481 11.
110 422 251 500 Plerique
258 423 441 520 femoris
453 421 748 507 iugabtPasa'd’uum
762 423 861 484 adhuc
874 426 950 486 exis-

10 565 13 571 ,
72 549 82 574 ,
102 520 212 582 nempe
224 502 323 583 qooa'd
346 494 473 562 forrira'm
492 500 683 581 pioritatioiris
710 515 740 562 et
766 504 952 579 amoenitatis,

44 581 176 662 {euntque
188 603 245 662 per
258 581 405 646 diluvium
418 581 537 662 penitus
557 583 711 643 redactum
725 603 788 644 esse
798 583 837 643 ad
850 586 952 646 simili.

69 664 76 676 ⁰
97 683 144 722 em
153 663 281 723 aliorum
294 683 444 743 agrorum,
465 662 536 742 quia
544 664 681 742 regiones
692 663 912 742 Mesopotamiis
922 678 953 727 et

10 806 14 814 ,
87 744 163 803 eniae
183 764 344 823 omnesque
365 754 451 821 terrae
476 743 651 803 habitabiles
672 743 763 805 hodie
777 745 953 806 sufficienter

150 826 233 897 sunt)
245 844 302 884 neo
314 834 414 883 tamen
424 825 457 882 in
468 824 528 882 illis
538 823 687 902 reperitur
696 825 863 884 Paradisus.

54 905 101 964 Ad
114 905 217 964 locum
241 905 332 964 Ecoli.
344 905 377 965 re
414 904 534 976 ondent,
548 904 660 963 ibidem
673 904 767 984 accipi
781 904 954 966 Paradisum

50 984 271 1064 significatione
280 925 414 1064 ‘generffi

42 1065 154 1124 aradiso
182 1065 310 1126 Adami:
339 1066 458 1143 deinde,
472 1075 507 1125 ut
529 1067 666 1135 observat
680 1066 791 1137 Estius,
815 1065 847 1124 iu
870 1077 954 1128 textu

88 1167 108 1204 o
120 1147 236 1204 tantum
249 1147 394 1218 habetur3
410 1153 431 1183 “
445 1146 618 1205 Translatus
632 1148 704 1216 est,’'
718 1145 832 1205 omissis
845 1148 954 1220 verbis,

10 1276 14 1285 .
42 1225 292 1307 iqumiuumff'
406 1298 409 1307 ὑ
492 1300 495 1307 ⁸
558 1289 560 1294 ,

51 1308 145 1365 Plura
166 1306 246 1366 cirea
257 1306 335 1366 bano
348 1305 540 1385 qnaestionem
555 1306 650 1367 videri
663 1315 787 1384 possunt
804 1307 884 1385 apud
899 1309 954 1367 Es·

10 1381 85 1519 gum
102 1387 135 1445 in
149 1396 180 1446 2.
195 1387 325 1447 distinct
342 1387 404 1464 17§.
422 1392 466 1458 17.
480 1401 511 1447 et
526 1393 572 1448 18.
588 1386 745 1459 Hu‘e'tium,
757 1386 954 1463 Kerkerdere,

35 1469 139 1537 almet,
155 1477 212 1527 ete.

136 1655 159 1682 “
174 1647 259 1708 Finis
274 1646 428 1734 Troetatis
441 1648 480 1710 de
493 1648 648 1710 creatione
666 1646 797 1708 mund'u”

406 984 413 999 '
427 1005 483 1063 pro
494 982 561 1044 loco
573 978 673 1064 aliquo
683 1005 808 1056 amoenn,
826 1005 887 1045 non
900 1008 955 1066 pro
1047 1009 1049 1013 ’
