2160 4072
228 287 673 391 TRACTATUS
720 286 848 387 VII.

346 507 404 567 DE
426 504 725 567 CONSCIENTIA.

62 758 102 818 N.
122 765 190 826 174.
231 760 290 820 DE
307 760 493 820 REGULIS
507 758 690 819 ACTUUM
704 755 1004 818 HUMANORUM.

57 918 88 978 -1.
111 915 195 979 'Dua
217 918 322 998 regala
344 927 455 978 aetnam
481 919 672 987 humanorum,
698 916 743 975 lea
771 925 797 975 et
826 917 1006 976 conscientia.

220 998 262 1057 11.
282 999 370 1059 Actus
382 997 513 1057 aduniri
526 1016 688 1075 repugnans
701 1003 741 1055 eet
752 997 852 1056 molae.

104 1158 129 1216 1.
145 1157 324 1218 DUPLEX
344 1156 433 1214 datur
446 1155 551 1233 regula
564 1155 697 1217 Aetnam
715 1156 932 1228 Humanarum,
950 1175 1008 1214 una

56 1247 187 1308 remon,
201 1246 232 1296 et
241 1246 325 1295 extra
337 1235 496 1306 hominem,
512 1233 624 1296 scilicet
637 1235 704 1296 lexa
723 1236 815 1295 aitera
826 1236 964 1313 proxima
977 1249 1008 1295 et

63 1316 142 1376 intra
154 1316 312 1387 hominem,
326 1316 467 1375 nimirum
480 1313 667 1375 conscientia
691 1316 789 1374 Prima
804 1334 856 1373 seu
867 1316 1009 1393 primaria

63 1396 426 1476 regulaeatlexmterrm3
450 1417 516 1474 qua
541 1395 646 1488 regula
666 1395 756 1454 etiam
778 1404 824 1454 est
848 1395 1008 1455 immobilis

59 1478 206 1556 amnique
219 1496 321 1537 carens
335 1477 463 1547 defectu,
478 1479 548 1535 edm
563 1485 602 1534 ut
614 1475 679 1554 ipae
694 1476 787 1534 Deus.

105 1557 149 1616 ΙΙ.
163 1561 260 1618 Actus
274 1559 326 1617 nni
337 1557 459 1618 istarum
469 1556 640 1633 regularum
650 1556 816 1614 formaiiter
824 1576 1007 1635 repugnans,

64 1636 134 1710 iicet
146 1637 223 1698 forte
244 1637 330 1697 alteri
351 1657 412 1696 non
429 1647 588 1714 repugnet,
612 1647 657 1694 eat
682 1636 798 1696 malus:
824 1636 1008 1697 hinc‘datur

66 1728 222 1795 peccatum
235 1729 338 1777 contra
350 1716 568 1786 conscientiam,
592 1735 652 1774 non
671 1726 773 1776 contra
798 1716 905 1794 legem.
921 1719 1009 1796 quale

64 1808 127 1857 erat
137 1798 268 1869 illorum,
281 1799 335 1876 qui
351 1807 377 1858 1.
391 1797 429 1855 ad
443 1797 576 1855 Corinth.
591 1815 655 1875 cap.
670 1803 697 1856 8.
711 1797 931 1856 manducabant
943 1798 1008 1856 ido-

67 1875 182 1957 iothyta
200 1898 268 1938 eam
282 1877 460 1938 conscientia
478 1895 608 1938 erronea,
629 1884 776 1953 putantes,
799 1878 880 1953 quod
894 1877 1008 1936 idolum

66 1956 188 2018 haberet
213 1958 328 2035 aliquid
354 1956 546 2027 Divinitatis3
572 1955 615 2013 sio
634 1955 721 2013 etiam
744 1955 832 2015 datur
852 1968 1009 2034 peccatum

66 2049 167 2098 eontra
179 2037 288 2116 legem,
302 2058 362 2097 non
378 2047 480 2096 contra
489 2033 708 2106 conscientiam,
717 2035 805 2111 quale
820 2048 864 2094 est
877 2036 1006 2108 illorum,

65 2120 115 2197 qui
129 2129 256 2197 peccant
269 2138 306 2177 ex
326 2117 494 2196 ignorantia
506 2115 650 2185 vincibili,
666 2125 699 2174 ut
708 2114 818 2175 Paulus
826 2137 1007 2197 persequens

65 2198 231 2259 Ecciesiam
247 2199 314 2259 Dei.

101 2281 155 2339 An
170 2297 241 2356 erga
251 2298 312 2337 non
321 2299 409 2338 omne
420 2288 577 2356 peccatum
591 2287 636 2337 eat
648 2287 750 2337 contra
762 2276 883 2354 legem?

101 2359 138 2419 R.
156 2359 256 2417 Omne
269 2370 434 2438 peccatum,
449 2369 484 2417 ut
496 2379 533 2416 ex
547 2358 612 2436 ejus
626 2357 798 2416 definitione
819 2368 945 2429 constat,
960 2371 1005 2418 est

55 2450 168 2498 cmtra
179 2438 277 2516 legem
288 2449 428 2499 aeternam
438 2462 448 2510 3
469 2438 613 2514 undequi
626 2447 729 2516 peccat
740 2448 843 2495 contra
857 2438 1008 2497 conscien-

57 2519 146 2590 tiam,
161 2529 265 2596 peccat
277 2530 380 2579 contra
393 2520 490 2597 legem
514 2528 664 2587 aeternam,
684 2537 745 2575 uon
769 2517 891 2594 quidem
904 2518 1010 2580 imme.

54 2598 154 2667 diste,
182 2599 236 2658 sed
256 2600 405 2659 mediante
432 2598 619 2666 conscientiis,
648 2597 791 2675 quatenns
818 2596 930 2657 scilicet
956 2599 1007 2659 lex

53 2690 175 2738 aetem
185 2679 290 2749 dictat,
300 2698 361 2739 non
375 2700 438 2739 esse
451 2678 600 2755 agendum
616 2688 718 2735 contra
731 2676 772 2747 id,
788 2677 870 2755 qnod
882 2692 995 2751 est,aut

55 2759 251 2819 existimatur
262 2771 445 2838 praeceptum
459 2759 508 2817 vei
520 2757 715 2836 prohibitum.

102 2838 268 2913 Quomodo
280 2839 373 2918 igitur
382 2840 446 2898 dari
459 2849 557 2917 potest
570 2846 726 2916 peecatum
739 2847 842 2896 contra
856 2841 1008 2900 conscien-

55 2921 148 2990 tiam,
163 2938 223 2978 non
233 2920 476 2998 contralegemi.

105 3001 143 3061 R.
164 2999 254 3074 Quia,
276 2999 345 3059 lieet
358 3019 445 3058 omne
458 3009 614 3077 peccatum
628 3009 731 3056 contra
744 2999 955 3059 conscientiam
970 3002 1008 3061 sit

60 3079 171 3141 saltem
184 3078 310 3139 mediate
325 3090 427 3140 contra
439 3079 536 3156 legem
549 3089 698 3148 aeternam,
710 3080 849 3157 equidem
860 3100 921 3137 non
931 3099 1008 3138 sem-

59 3179 120 3239 per
132 3170 180 3218 eet
194 3171 295 3218 contra
318 3160 416 3237 legem
436 3170 504 3218 actu
519 3160 703 3228 existentem,
718 3180 806 3238 quam
828 3160 1008 3221 conscientia

61 3239 273 3319 apprehendit,
287 3238 354 3299 crim
375 3239 426 3298 iila
439 3239 488 3297 lex
500 3239 595 3316 possit
607 3258 668 3296 non
683 3241 808 3298 existere
822 3261 832 3309 3
845 3240 887 3298 sic
902 3239 1006 3318 siquis

58 3321 185 3379 erronee
196 3329 308 3398 putans
321 3339 384 3378 esse
398 3320 473 3379 diem
490 3319 608 3397 jejunii,
630 3338 732 3378 carnes
755 3319 924 3389 manducet,
944 3340 1007 3380 non

60 3399 128 3479 egit
141 3411 244 3459 contra
256 3401 353 3479 legem
370 3400 478 3479 jejunii
491 3403 594 3459 reveri
605 3398 790 3471 existentem,
814 3397 881 3458 crim
896 3420 1006 3478 suppo.

60 3491 154 3539 natur
167 3499 228 3537 non
240 3499 303 3539 esse
324 3478 389 3538 dies
406 3480 534 3560 jejunii:
560 3489 664 3557 peccat
688 3489 789 3538 tamen
809 3478 877 3537 talis
900 3492 1003 3542 contra

61 3558 163 3635 legem
185 3559 294 3638 jejunii
316 3561 548 3639 apprehensam:
572 3557 643 3635 quia
666 3569 749 3618 actus
768 3559 898 3619 desumit
919 3579 1003 3620 suam

61 3638 192 3716 speciem
215 3642 253 3699 ab
276 3641 401 3718 objecto,
428 3649 518 3719 prout
537 3638 617 3698 iliud
639 3650 686 3700 est
707 3640 744 3700 in
768 3640 1010 3720 appnehensioue

53 3719 212 3792 operantis,
227 3719 396 3781 secundini
409 3722 492 3784 dicta
506 3722 604 3782 Num.
617 3720 672 3785 62.

489 3810 510 3865 2
528 3824 549 3866 r.
568 3810 589 3865 2
