2160 4072
302 115 347 160 nn
370 115 541 160 enecans.
822 94 884 163 291

43 259 77 319 31.
100 259 136 317 R.
150 258 237 319 Cum.
253 259 282 319 S.
298 259 405 319 Thom.
422 269 447 320 1.
463 268 493 323 2.
507 267 612 338 quaet.
627 266 675 326 73.
689 267 745 318 ert.
756 265 785 318 8.
797 257 836 317 ad
857 269 885 319 3.
922 308 926 319 ,

43 339 102 411 ,νὲ;
128 338 199 416 quia
211 351 423 399 nocumentum
443 341 547 399 animae
562 359 621 397 non
636 338 744 399 directe
758 338 887 397 intendit

43 417 159 488 elizans,
172 438 228 478 nec
242 430 287 478 est
300 438 389 478 causa
400 440 455 498 per
470 441 500 479 ce
514 419 661 480 sufficiens
674 430 705 478 et
718 419 819 477 efficax
833 439 886 478 uo·

43 498 75 557 rti
81 522 91 571 3
99 497 200 557 nullus
213 499 293 558 enim
307 499 500 577 spiritualiter
506 499 701 568 moritur‚nisi
707 499 887 577 propriaru-

43 599 59 637 e
72 578 233 656 peccando.
249 577 368 638 Deinde
379 580 531 650 damnum,
544 577 886 658 quodinferthomicida,

42 657 202 735 reparabile,
207 678 267 716 non
279 659 321 717 ita
327 659 479 729 damnum,
486 659 568 738 quod
575 660 667 717 infert
676 657 887 719 scandalizans.

43 739 79 796 ud
94 750 139 797 est
148 737 235 816 juxta
246 738 393 817 Sylvium.
418 740 443 797 si
458 740 524 817 quia
536 740 646 799 directe
661 738 796 798 intendat
808 757 888 797 mor·
982 762 988 786 s

43 818 121 877 iimae
131 817 252 877 alterius
263 817 447 897 spiritualem
458 843 467 891 ;
480 829 554 880 tuuc
565 819 644 879 enim
654 817 785 898 gravide,
797 817 888 895 quim

43 898 94 956 ida
105 915 227 976 peccare
241 898 369 959 videtur.

43 978 173 1054 aphamia
185 978 307 1056 gravius
330 989 374 1037 est
391 990 556 1059 peccatum,
581 981 672 1059 quam
689 977 886 1037 homicidium

43 1058 73 1116 S.
90 1056 195 1116 Thom.
207 1067 235 1117 2.
251 1067 279 1117 2.
294 1079 323 1136 q.
340 1067 386 1119 13.
400 1071 446 1118 art
466 1068 494 1119 3.
510 1059 548 1118 ad
563 1068 587 1118 1.

65 1139 189 1198 Peccata
197 1148 299 1197 contra
318 1138 542 1219 temperantiam
555 1138 695 1198 videntur
708 1138 890 1210 collocanda,

43 1217 137 1276 diue:
165 1219 337 1288 bestialitas,
359 1220 499 1290 sodomia,
526 1219 668 1289 incestus,
690 1219 888 1296 sacrilegium,

43 1296 133 1367 rium,
144 1308 256 1375 raptus,
268 1309 412 1375 atuprum,
426 1299 574 1378 polluti03
599 1309 766 1377 sequuntur
779 1299 888 1358 deinde

43 1374 103 1435 atio
116 1377 240 1455 simplex
250 1387 280 1436 et
288 1377 414 1438 ebrietas
425 1403 435 1452 ;
455 1391 522 1439 utra
533 1398 570 1438 ex
581 1379 639 1437 illis
652 1379 738 1438 alteri
750 1386 889 1457 praepon'-

49 1457 164 1516 variant
173 1458 289 1536 judicia
301 1459 472 1517 nationum:
498 1479 554 1538 pro
577 1459 624 1518 his
645 1459 781 1536 partibus
794 1458 888 1516 forni-

43 1536 162 1615 aimple‘x
170 1540 213 1597 ab
227 1538 365 1597 omnibus
372 1538 484 1616 passim
495 1549 650 1618 reputatur
659 1538 779 1618 gravior
792 1539 888 1597 ebrie·

43 1697 189 1756 Observat
201 1699 230 1757 S.
240 1697 347 1757 Thom.
363 1708 388 1757 1.
403 1708 430 1758 2.
440 1709 542 1777 quaeat.
558 1708 607 1768 73.
617 1710 671 1760 art.
685 1707 714 1761 5.
729 1690 809 1778 quod
818 1719 888 1778 pec·

43 1777 187 1854 piritualia
205 1779 365 1857 secundum
377 1799 408 1838 se
421 1779 534 1838 soleant
555 1800 619 1840 esse
633 1780 745 1859 majora
763 1781 888 1840 carnali·
975 1843 977 1847 ,

46 1857 100 1915 sed
113 1857 193 1935 quod
203 1858 331 1940 carnalia
344 1859 403 1918 sint
412 1861 549 1937 maximae
562 1860 739 1919 adhaesionis
762 1870 885 1938 propter

43 1956 88 1994 am
103 1936 327 1997 delectationem
338 1959 346 1995 :
357 1938 427 1997 hinc
437 1938 481 2009 fit,
490 1941 570 2017 quod
579 1939 747 1999 carnalibus
755 1949 887 2014 aaarretua

43 2014 115 2076 lime
127 2018 309 2090 emendetur,
324 2017 459 2097 adeoque
472 2019 536 2078 haec
544 2019 603 2078 aiut
612 2019 728 2098 majoris
740 2018 864 2097 periculi
874 2041 885 2089 3
927 2082 929 2086 ,

43 2106 127 2233 igiter
149 2097 240 2157 initiis
264 2099 390 2158 istorum
413 2109 602 2176 peccatorum
629 2118 685 2180 pro
706 2098 821 2159 viribus
841 2110 886 2158 eat

43 2197 49 2233 ι
72 2198 132 2236 um.

68 2259 192 2318 Peccata
211 2260 348 2338 capitalia
370 2261 550 2340 quandoque
569 2271 713 2322 vocantur
737 2259 884 2323 maxima:

43 2336 144 2416 tellige
154 2340 282 2398 maxima
295 2347 316 2374 “
328 2341 510 2412 causaliter,”
529 2361 591 2401 non
604 2343 731 2402 maxima
750 2347 771 2375 “
779 2359 885 2399 secun-

43 2420 120 2474 ise.''
157 2418 348 2498 Blasphemia
361 2420 555 2481 etiufidelitaa
569 2423 657 2482 etiam
666 2419 838 2481 vocanturd
852 2421 884 2479 S.

43 2537 54 2552 .
67 2505 95 2556 2.
110 2505 139 2557 2.
154 2511 256 2576 quaeat.
271 2507 317 2559 13.
332 2509 385 2559 art.
400 2509 429 2560 3.
443 2512 565 2579 peccata
575 2503 717 2561 maximae
732 2497 785 2558 aed
797 2498 885 2557 intel-

43 2575 98 2634 lum
114 2588 168 2649 est,
179 2579 259 2657 quod
274 2578 332 2638 sint
341 2580 469 2639 maxima
483 2582 648 2640 secundum
662 2579 746 2660 quid,
761 2577 809 2637 vel
827 2580 885 2639 aub

43 2667 197 2734 respectu3
222 2659 402 2738 quandoque
425 2658 560 2740 etiamly
573 2663 735 2722 maximum
755 2678 816 2719 non
835 2674 884 2720 au-

51 2738 256 2817 comparative,
271 2738 323 2798 aed
330 2739 466 2817 positive.

264 2992 484 3068 Qumsrlo
508 2993 567 3057 1v.
702 3084 707 3089 η

155 3155 214 3215 nn
236 3156 450 3240 sanmuro
472 3159 664 3222 raecum.

43 3410 67 3470 7.
89 3405 148 3465 DE
160 3406 453 3469 DEFlNl'llONE
470 3409 673 3471 SUBJECTI
689 3406 881 3468 Pssccu'rl.

204 3561 241 3643 S.
254 3563 350 3623 Thom.
374 3576 400 3627 1.
413 3575 441 3628 2.
453 3574 550 3646 quael.
562 3574 611 3636 14.

43 3717 270 3798 'u'eclumpeccati
285 3731 327 3782 est
333 3725 474 3804 potentio,
489 3727 508 3788 ὰ
523 3735 677 3809 quoactus
690 3723 817 3786 elicitur.
851 3720 908 3779 ll.

43 3805 202 3870 rpeccatum
224 3807 269 3860 est
280 3803 300 3860 d
313 3805 459 3866 voluntate
484 3819 516 3872 ut
536 3810 679 3872 dcouao.
719 3804 792 3870 m.
815 3799 925 3862 Motus

371 3894 449 3951 202
