2152 4066
392 127 437 171 os
460 128 633 175 incoatis.
914 112 986 184 295.

58 293 97 330 m
105 273 177 334 diei
190 272 293 352 possis,
304 287 364 331 noo
378 283 423 332 est
431 287 531 333 umen
539 290 609 333 sera
618 283 648 333 et
660 276 780 354 propris
789 277 978 340 diminobe-

58 355 153 414 entia
164 377 174 427 ;
191 353 314 414 admisti
327 364 426 412 motus
438 373 498 412 non
513 354 572 413 sint
582 354 746 419 ¹formaliter
761 369 862 418 contra
871 360 977 439 legem.

58 554 64 571 .
87 522 169 587 109.
195 515 251 575 DE
273 513 423 573 CAUSIS
444 513 637 653 bllfflUUM
652 516 970 600 concupiscas.

77 720 194 783 Causoe
219 728 340 785 mduum
365 721 601 797 concupiscentiis.
643 721 684 781 11.
706 720 874 786 Plantasio.
917 720 978 789 Ill.

126 800 361 941 “gamadim
383 801 436 862 IV.
453 799 611 879 Compleaeio
623 800 756 880 corporis,
798 798 835 861 V·
853 802 891 867 Ut
898 806 982 887 linior

68 1009 301 1071 UNDENAM
314 1019 412 1068 motus
422 1009 667 1088 concupiscentiae
681 1009 826 1083 oriuntur,
840 1013 887 1072 vel
901 1016 981 1074 exci-

58 1100 143 1151 ntur
154 1089 315 1150 innomine
324 1095 337 1150 ἓ

73 1171 103 1230 1.
122 1174 157 1230 R.
173 1173 268 1231 Causa
289 1168 458 1227 immediata
480 1178 525 1228 est
547 1169 611 1247 ipse
629 1169 779 1248 appetitus
799 1172 958 1234 smsitivus
969 1198 986 1248 ς

58 1270 137 1311 tusae
143 1255 211 1310 verb
222 1249 490 1311 occasionalessunt
500 1249 598 1320 varia,
607 1259 642 1309 ut
648 1251 760 1309 dictum
770 1261 816 1309 est
827 1252 918 1314 Num.
930 1260 979 1320 57.

75 1331 126 1391 11.
143 1331 183 1391 1⁰.
193 1332 294 1389 Motus
307 1328 352 1388 illi
362 1329 432 1387 oriri
446 1339 571 1406 possunt
582 1346 619 1388 ex
632 1330 787 1408 phantasia
799 1350 851 1389 seu
872 1333 980 1413 imagi·

58 1411 173 1480 atione,
188 1428 276 1488 quam
291 1410 399 1469 excitat
412 1408 557 1479 voluutas,
578 1409 789 1481 sementaria,
803 1424 855 1470 aut
867 1416 980 1490 cogita.

58 1510 140 1550 ones
152 1491 201 1549 sel
214 1489 425 1568 phantasmata,
450 1508 501 1548 seu
516 1489 629 1567 species
642 1508 740 1548 mum
755 1490 940 1551 inhaerentes.

80 1571 146 1630 111.
159 1571 203 1630 2⁰.
227 1571 278 1629 Ab
291 1569 416 1648 objectis
428 1567 476 1628 vel
488 1570 690 1628 occasionibus
710 1573 848 1640 externls
862 1590 983 1632 consor-

58 1650 103 1721 iis,
118 1661 175 1710 eto.
185 1647 233 1709 vel
246 1652 261 1708 i
275 1650 410 1709 sensibus
420 1650 557 1718 externis,
582 1651 658 1720 visu,
681 1650 796 1721 auditu,
819 1662 910 1722 tactu,
925 1665 983 1714 eto.

59 1771 69 1788 .
110 1731 283 1790 ⁸inhonesta
295 1728 434 1800 videndo,
445 1729 601 1800 audiendo,
612 1729 749 1807 legendo,
763 1740 818 1790 etc.

80 1748 137 1868 fv.
150 1809 191 1870 3⁰.
209 1812 310 1869 Motus
322 1809 366 1867 illi
380 1809 560 1888 quandoque
579 1810 714 1868 oriuntur
733 1812 842 1887 praevii
857 1812 896 1870 ad
909 1813 986 1872 imai

58 1888 224 1960 ‚inationem
246 1908 283 1949 ex
296 1889 424 1948 naturali
438 1890 569 1968 corporis
582 1889 805 1966 complexiones
834 1893 914 1949 unde
937 1893 981 1964 fit,

58 1969 122 2047 pud
147 1971 179 2028 in
202 1988 264 2028 uno
287 1968 400 2029 facillis
414 1980 444 2028 et
463 1969 547 2028 citios
569 1980 725 2046 exurgant,
750 1973 838 2047 quim
859 1972 888 2029 in
914 1973 983 2031 alio.

58 2050 232 2128 {caudaque
254 2051 342 2109 etiam
366 2050 503 2108 oriuntur
523 2068 558 2107 ex
579 2060 663 2128 certo
680 2051 810 2127 corporis
830 2062 910 2109 motu
930 2065 984 2111 aut

58 2131 112 2200 itu,
130 2143 163 2189 ut
175 2150 202 2188 v.
217 2150 246 2206 g.
261 2148 297 2188 ex
312 2131 500 2207 equitatione,
520 2141 601 2188 certo
610 2130 667 2188 situ
682 2130 713 2186 in
727 2130 814 2200 lecto,
827 2132 919 2189 nimio
933 2153 982 2190 ca-

58 2230 114 2281 ore,
129 2221 185 2270 etc.
199 2211 285 2268 etiam
300 2230 336 2266 ex
350 2209 531 2267 abundantia
541 2209 587 2268 vel
601 2210 673 2268 vitio
686 2209 844 2268 humorum
859 2230 910 2269 seu
922 2213 984 2290 spi-

58 2289 165 2428 bpum,
182 2311 218 2349 ex
232 2289 322 2347 nimio
330 2299 404 2367 potu
414 2301 464 2348 aut
473 2291 550 2359 cibo,
560 2289 631 2348 item
645 2309 681 2347 ex
692 2291 764 2348 certi
777 2291 894 2368 generis
907 2304 982 2370 potu

58 2390 82 2428 te
111 2371 189 2429 cibo.

83 2448 204 2508 Deinde
227 2450 351 2508 maxime
373 2449 510 2509 wiuntur
523 2469 560 2506 ex
585 2448 687 2507 habitu
708 2459 738 2508 et
758 2451 981 2520 consuetudine,

59 2540 115 2588 tem
129 2548 167 2588 ex
178 2528 247 2588 otio.

83 2608 121 2668 V.
141 2610 329 2688 Quandoque
341 2610 426 2669 etiam
441 2628 477 2668 ex
501 2609 606 2667 timore
620 2608 714 2667 oritur
734 2610 850 2669 emissio
863 2612 986 2671 sentinis

58 2700 94 2748 nt
109 2686 271 2760 distillatio,
287 2701 321 2748 ut
331 2691 467 2748 observat
477 2691 506 2749 S.
522 2690 579 2748 Th.
591 2701 692 2766 quaest.
707 2696 754 2748 44.
769 2701 822 2748 art
842 2699 887 2750 ll.
901 2692 939 2749 ad
953 2698 989 2751 2.‘

58 2788 111 2828 nm
136 2788 191 2848 per
211 2770 346 2828 timorem
361 2771 482 2848 spiritus
494 2770 634 2827 animales
657 2768 696 2826 ad
709 2770 847 2828 inferiora
861 2771 984 2830 descen-

58 2849 132 2907 lunt.
171 2849 208 2907 ld
222 2850 401 2928 quandoque
414 2850 522 2908 accidit
534 2850 677 2907 timorate
691 2850 875 2908 conscientiae
889 2851 984 2909 homi-

58 2926 145 2998 u'bus,
160 2931 212 2988 ssd
222 2929 344 2987 nimiim
357 2931 458 2988 anxiis.
500 2930 602 2988 Timor
621 2929 671 2986 ille
685 2931 815 3007 superari
830 2930 919 2989 debet
930 2951 984 3008 per

58 3008 191 3073 ,duciam
199 3011 229 3067 in
246 3009 353 3066 Deum.

83 3088 143 3146 VI.
159 3089 200 3148 4⁰.
216 3091 317 3147 Motus
336 3088 380 3146 illi
402 3089 513 3147 causari
534 3098 660 3166 possunt
673 3092 689 3148 i
702 3088 834 3150 damone
847 3092 988 3150 omnibus

58 3169 143 3227 sibus
155 3169 249 3227 modis
263 3188 331 3226 mox
344 3169 486 3246 allegatis,
508 3169 620 3227 scilicet
633 3170 679 3227 vel
691 3171 847 3229 excitando
859 3171 984 3249 phanta-

59 3248 132 3317 iam,
148 3249 197 3307 uel
211 3249 328 3326 objecta
337 3248 486 3307 sensibilia
499 3249 632 3308 sensibus
645 3250 820 3328 objiciendo,
841 3251 888 3308 vel
901 3269 986 3308 occa-

58 3330 145 3388 iones
155 3328 351 3407 procurando,
367 3329 415 3387 vel
424 3330 543 3387 tandem
552 3330 699 3388 movendo
708 3331 828 3408 spiritus
842 3330 985 3406 genitales

58 3420 99 3467 nt
112 3409 269 3468 humores:
281 3427 359 3478 nam,
374 3419 409 3467 ut
420 3409 460 3466 ait
476 3411 504 3468 S.
522 3409 578 3467 Th.
598 3430 627 3487 q.
650 3416 676 3469 8.
691 3420 745 3468 ast.
759 3418 788 3469 2.
805 3410 866 3468 ln“
876 3411 987 3488 Corpl’

58 3488 185 3548 tabulas
200 3488 299 3549 omnia
320 3488 370 3546 ills
389 3508 509 3547 causare
521 3498 628 3566 potest,
656 3504 721 3566 quse
743 3508 779 3548 ex
803 3503 885 3547 motu
899 3488 986 3547 locali

58 3586 206 3648 carporum
220 3567 392 3627 inferiorum
413 3569 570 3645 provenire
582 3581 715 3647 possunt,
735 3570 792 3628 nisi
806 3569 907 3628 divini
927 3569 989 3627 uir·¹

58 3659 113 3708 ute
126 3649 314 3731 reprimatur.

79 3727 200 3782 Horum
212 3727 316 3783 notitia
332 3727 531 3791 confessariis
547 3730 717 3794 necessasia
730 3742 787 3804 ost,
803 3742 842 3791 nt
857 3730 1003 3791 consedi-

58 3801 109 3889 stis
120 3803 254 3860 amenis
265 3808 473 3881 pansoribcro
494 3812 627 3894 possint,
653 3817 745 3899 quod
752 3815 824 3877 nen
832 3832 902 3872 non
907 3814 1016 3892 potest

58 3892 174 3938 secuso
186 3898 242 3940 seu
252 3884 347 3954 radix
360 3889 499 3958 istorum
515 3910 669 3964 motuum
682 3908 912 3984 coganscstua.
