2160 4072
95 90 163 155 232
331 82 337 93 '
467 108 668 153 reserares

135 254 306 330 QUALES
319 265 390 314 sunt
403 264 486 314 actus
497 254 528 312 in
542 274 652 333 genere
664 253 769 321 moris.
784 255 840 335 qui
854 255 930 315 flunt
941 256 975 315 ob
989 284 1002 303 -.

90 335 150 394 lam
164 334 403 403 delectationem,
417 354 444 392 v.
460 354 490 411 g.
505 334 594 393 edere
607 345 638 394 et
651 334 757 395 bibere
769 335 810 395 ob
822 334 916 395 solam
932 334 978 419 rol
992 367 1013 397 r.

92 426 211 555 mliii.
228 494 411 574 Hujusmodi
422 504 506 553 actus
520 504 589 554 sunt
601 494 682 559 mali.
725 494 816 557 Ratio
828 506 883 569 eat,
898 496 973 575 quod
999 503 1011 538 ¹*
1024 521 1032 539 ι

93 587 180 635 actus
192 595 253 634 non
266 575 442 633 ordinentur
456 573 496 632 ad
516 574 708 655 voluptatem,
728 576 783 636 sed
795 574 934 655 voluptas
945 576 986 657 eia¹
1005 577 1010 642 f
1023 620 1035 659 ¹

93 656 230 715 Authore
243 666 356 715 naturae
369 673 485 713 annexa
499 655 546 725 sit,
560 676 599 714 ne
618 654 833 735 negligantur3
862 656 943 717 unde
992 687 994 700 ι
1009 667 1035 740 'q

92 736 261 806 invertitur,
275 735 348 794 dum
362 745 447 793 actus
456 734 499 792 illi
514 734 553 793 ad
566 734 751 814 voluptatem
762 736 947 796 ordinantur.
996 770 1000 777 ·
1024 784 1035 821 Ε

135 816 178 875 ΙΙ.
203 815 285 875 Hinc
298 819 336 876 ab
348 817 450 874 Innoc.
466 816 524 875 xl.
539 815 686 875 damnata
701 828 773 877 sunt
785 816 835 877 ha
849 814 949 896 duap
967 847 997 867 w
1020 842 1035 898 q

98 896 229 968 sitiones,
254 906 358 955 octava
371 914 478 973 nempe
492 906 522 955 et
535 915 614 955 nona
626 896 703 957 inter
717 897 874 975 sexaginta
886 897 955 975 quin

96 982 119 1009 “
134 974 296 1035 Comedere
307 987 337 1035 et
347 976 450 1035 bibere
461 995 556 1054 usque
565 976 605 1035 ad
613 977 776 1041 satietatem
784 978 826 1035 ob
833 916 973 1037 eolam'vd
988 1007 997 1022 r

98 1063 119 1091 “
132 1064 223 1114 tatem
237 1075 298 1114 non
312 1067 358 1115 est
371 1066 536 1134 peccatum,
556 1056 643 1115 modo
666 1076 727 1115 non
752 1057 833 1117 obsit
856 1056 951 1115 vuletu
970 1055 976 1069 '
993 1088 1035 1136 ,-

101 1142 122 1170 “
136 1136 208 1213 quia
220 1135 299 1196 licite
313 1147 412 1215 potest
423 1136 575 1214 appetitus
589 1137 731 1209 naturalis
744 1138 806 1196 suis
816 1136 933 1197 actibus
943 1133 1003 1195 itui.-

137 1212 243 1275 Altera
253 1226 299 1275 est
309 1237 318 1274 ι
332 1224 353 1250 “
364 1217 451 1295 Opus
461 1216 593 1296 conjugii
608 1217 748 1277 ubsolam
759 1217 942 1296 voluptatem
953 1234 1003 1275 ere
1033 1236 1035 1242 ·

98 1302 121 1331 “
134 1295 227 1355 citum
241 1298 322 1355 omni
336 1297 457 1376 penitus
467 1307 549 1356 caret
561 1296 650 1375 culpi
663 1318 698 1357 ac
712 1297 834 1359 defectu
846 1294 975 1357 venisli?
1027 1328 1033 1333 ·

136 1378 219 1437 Bene
230 1377 396 1451 notandum
409 1376 627 1455 propositiones
636 1378 763 1437 morales
786 1379 827 1437 ab
851 1376 952 1437 Innoc·
985 1380 989 1424 ἶ
1024 1435 1032 1446 ,,

96 1457 258 1528 damnatas,
273 1458 315 1516 sic
340 1477 403 1515 esse
422 1457 612 1535 prescriptos,
627 1467 662 1515 ut
682 1458 773 1516 etiam
796 1457 926 1533 singula
944 1482 961 1505 a:
1028 1454 1035 1461 “

94 1547 194 1615 partes
208 1537 268 1595 sint
279 1537 461 1615 reprobatas:
485 1536 571 1595 aliter
595 1536 687 1614 qudm
710 1536 931 1616 propositiones
958 1562 975 1584 ψ
994 1573 1005 1605 ,«

97 1617 227 1696 Bajanae,
238 1617 270 1679 in
281 1617 390 1694 quibus
400 1616 527 1675 subinde
536 1636 605 1694 pars
615 1616 938 1696 aliquaimmunisease
951 1644 956 1664 ι
967 1639 999 1664 ··‹f
1014 1619 1016 1630 ’
1033 1616 1035 1621 '

97 1700 112 1755 ὲ
127 1716 252 1756 censura
262 1720 272 1768 ;
284 1696 375 1774 hujus
386 1694 564 1756 discriminis
576 1696 652 1756 ratio
666 1707 720 1767 est,
734 1696 815 1775 qubd
824 1695 975 1775 propositi

97 1778 215 1855 Bajanae
230 1775 376 1834 damnata
390 1776 458 1847 sint,
472 1787 564 1854 prout
576 1776 595 1835 d
609 1776 791 1837 delatoribus
804 1788 893 1835 erant
913 1775 1018 1845 oblatafl

100 1856 319 1935 propositiones
345 1859 416 1914 verd
438 1856 602 1916 morales&
624 1856 862 1917 Lovanienaibus
895 1875 946 1917 acc
970 1880 1020 1904 w

95 1937 178 2014 apud
195 1936 402 1995 Innocentium
419 1939 476 1997 Xl.
491 1956 546 2015 per
566 1955 703 1996 censores
726 1937 744 1996 d
766 1936 913 1997 Pontifice
933 1932 1010 1995 consti

100 2026 182 2076 tutos
192 2017 281 2076 variis
295 2018 327 2075 in
339 2016 413 2075 locis
425 2027 545 2076 mutata
560 2017 692 2087 fuerunt,
707 2029 737 2077 et
749 2016 809 2077 illa
823 2027 923 2095 partes
942 2012 1021 2074 subla·

96 2109 144 2169 te,
159 2118 232 2175 quas
245 2097 387 2156 nolebant
408 2117 539 2156 censurae
560 2096 710 2157 obnoxias.
753 2097 800 2156 Ita
812 2107 939 2157 testatur
952 2088 1035 2170 siey-1!

96 2179 218 2247 seruus,
234 2178 287 2256 qui
301 2177 372 2236 huic
394 2177 515 2255 negotio
535 2177 681 2249 interfuit,
703 2179 736 2236 in
757 2177 837 2237 notis
851 2177 891 2236 ad
905 2170 1035 2256 proposi-i

97 2259 194 2317 tiones
204 2258 368 2317 damnatas.

138 2337 280 2397 Pluribus
292 2338 420 2398 adstruit
434 2339 511 2398 hanc
525 2338 691 2398 doctrinam
706 2340 737 2398 S.
753 2342 834 2416 Aug.
849 2338 902 2397 lib.
916 2347 943 2397 4.
967 2353 1023 2394 con·

101 2428 147 2477 tra
173 2419 193 2479 J
196 2418 338 2477 alianum.
387 2422 481 2489 Plato,
515 2420 628 2490 Cicero,
664 2421 785 2486 Seneca,
815 2419 927 2497 aliique
958 2412 1024 2494 apud

99 2498 232 2558 Boudart
255 2508 341 2560 tract.
365 2508 409 2560 10.
431 2499 457 2574 ξ.
477 2509 522 2569 19.
548 2500 611 2557 solu
636 2499 758 2558 rationis
779 2499 874 2558 ductu
901 2512 985 2576 turpe
1002 2504 1026 2553 et

95 2579 233 2638 illicitum
248 2579 400 2639 duxerunt
412 2579 525 2638 homini
540 2599 629 2657 agere
642 2600 752 2658 proper
760 2579 954 2657 voluptatem.

140 2660 214 2739 obj.
235 2659 454 2720 Delectationes
469 2670 538 2718 sunt
545 2661 683 2738 quedam
690 2671 804 2718 nature
818 2661 907 2730 bona,
919 2660 1026 2738 ejusque

103 2740 318 2818 perfectiones:
337 2761 409 2818 ergo
422 2742 492 2800 licet
505 2761 554 2800 eas
574 2740 650 2799 velle
663 2750 786 2818 propter
800 2760 841 2802 se.

141 2821 175 2878 R.
198 2820 274 2898 Neg.
297 2840 414 2899 conseq.
437 2821 524 2880 Ratio
545 2832 599 2892 est,
614 2820 764 2898 qubdillae
778 2817 1026 2879 delectationesiu

98 2898 219 2958 homine
238 2901 380 2960 institutae
395 2901 454 2960 sint
466 2912 589 2980 propter
603 2912 706 2974 actus3
720 2901 856 2977 adeoque
868 2900 1028 2973 maleactae

98 2980 265 3038 referantur
278 2982 317 3038 ad
331 2982 564 3042 delectationem.

139 3059 221 3119 Hinc
232 3060 339 3139 collige
347 3063 575 3121 fundamentum
585 3061 790 3120 damnatarum
804 3061 1027 3139 propositionum

98 3140 207 3199 falsum
219 3161 292 3210 esse,
302 3162 407 3220 nempe
418 3143 583 3220 appetitum
594 3142 759 3200 naturalem
768 3141 847 3200 licite
857 3142 918 3200 suis
926 3140 1028 3200 actibus

97 3220 158 3279 frui
169 3246 179 3293 3
201 3242 268 3280 narn
283 3223 407 3300 pecudis
421 3234 465 3281 est
475 3243 563 3300 agere
576 3232 699 3301 propter
709 3221 937 3281 delectationem
949 3219 1027 3280 sensi·

98 3301 208 3374 bilem;
228 3302 260 3359 in
283 3302 403 3360 homine
431 3305 500 3361 verb
520 3303 669 3381 appetitus
691 3301 814 3360 inferior
828 3301 938 3380 subjici
951 3300 1029 3359 debet

99 3383 244 3460 superiori
266 3391 296 3441 et
317 3383 462 3453 rationali,
486 3403 537 3442 seu
559 3383 704 3442 voluntati
727 3392 870 3459 tanquam
898 3378 1028 3460 digniori,

100 3462 234 3539 adeoque
257 3482 316 3520 non
340 3463 411 3522 licet
438 3463 515 3522 velle
536 3463 745 3522 delectationes
765 3462 830 3520 illas
851 3473 972 3539 propter
984 3479 1027 3529 se,·

99 3559 168 3598 narn
183 3544 225 3601 sic
237 3543 373 3602 voluntas
395 3543 591 3623 subjiceretur
611 3543 757 3622 appetitui
782 3541 935 3609 sensitiva
957 3536 1030 3619 quod

98 3630 187 3698 turpe
200 3632 230 3680 et
244 3622 383 3691 vitiosum
397 3634 450 3683 est

135 3701 221 3762 idem
238 3703 287 3765 dic
301 3704 340 3765 de
354 3724 444 3764 sensu
456 3704 550 3774 visits,
573 3703 706 3773 auditis,
724 3715 783 3762 etc.
807 3723 910 3761 eorum
931 3717 1033 3777 nempe

79 3793 171 3847 actus
180 3798 316 3868 propter
332 3787 428 3848 solam
437 3784 673 3847 delectationem
682 3783 860 3846 nonlieent,
870 3778 1035 3866 sedandum

61 3870 290 3935 necessitatem
304 3871 357 3934 vel
372 3869 548 3933 utilitatem
562 3860 702 3925 ordinari
712 3860 842 3924 debent,
856 3856 1035 3910 usnemu
