2152 4066
239 102 286 147 mr
309 102 452 147 scrrsus
475 100 646 147 aruum.
849 81 934 150 177·

65 257 100 305 ut
113 256 199 307 aetus
212 258 353 306 externus
367 249 406 308 sit
418 248 557 329 injustus,
580 249 689 307 debeat
702 247 740 306 de
754 267 794 318 se,
817 247 888 306 vel
879 266 911 306 m

54 327 250 399 instantiis,
242 348 274 385 ιιι
297 327 406 404 quibus
421 329 514 389 hicet
526 349 607 389 nunc
608 329 753 424 'punitum
781 347 845 386 esse
868 329 913 387 in-

53 427 99 466 sus
112 409 223 480 alteri3
216 407 311 466 -olis
334 420 434 468 autem
448 411 511 469 fieri
525 410 632 487 nequit
644 428 698 488 per
718 408 831 468 solam
823 418 914 469 ruter-

53 488 248 547 intentionem
260 487 409 568 injustam.

53 656 95 715 27
140 650 198 708 DE
228 649 420 709 PECCATO
442 651 660 711 EFFECTUS
683 650 730 708 IN
751 651 888 711 CAUSA

302 728 585 789 VOLUNTARH.

52 886 139 947 alitia
161 885 276 965 effeetus
299 888 482 958 contrahitur,
505 890 570 947 dnum
592 893 707 967 ponitur
730 909 826 948 onuro.
868 891 912 949 ΙΙ.

52 967 132 1026 alitia
146 969 333 1037 continuatur,
354 967 439 1029 donee
452 969 569 1047 effectus
582 979 725 1046 sequntur.
768 970 828 1027 ΙΙΙ.
850 969 912 1027 An·-

52 1047 224 1141 ioffirmant.
267 1048 320 1104 IV.
353 1045 502 1106 Conclusio
524 1056 661 1124 praebeo.
703 1051 739 1108 V
772 1047 913 1126 Rejn'oitur

52 1127 106 1185 inio
122 1122 315 1185 Lusistorum.

51 1286 299 1348 'JANDONAM
320 1285 503 1345 contrahitur
517 1285 629 1344 malitia
647 1286 766 1346 effectis
785 1286 855 1344 mali
878 1286 909 1345 in

51 1367 257 1427 rvolunturii?

60 1450 94 1506 R.
121 1447 310 1506 contrahitur
325 1446 437 1504 malitia
450 1446 536 1506 istius
549 1446 671 1506 effectbs
686 1448 738 1506 illo
751 1457 910 1516 momento,

51 1549 135 1588 eausa
145 1527 308 1586 voluntarie
322 1526 453 1605 ponitur,
478 1527 526 1584 vel
540 1528 677 1586 voluntas
697 1526 828 1605 ponendi
843 1546 911 1585 cau-

51 1609 150 1666 adest:
165 1609 235 1685 quia
248 1619 320 1666 tunc
332 1606 469 1665 voluntas
484 1607 627 1667 indirecte
642 1609 706 1667 vult
721 1607 828 1676 omnin,
844 1627 910 1684 quse

50 1691 74 1747 la
88 1709 177 1747 causa
190 1698 352 1765 potuerunt
365 1698 396 1745 et
409 1686 578 1746 debuerunt
588 1689 744 1765 praevideri
758 1698 907 1746 secutura:

50 1771 117 1847 iqui
130 1768 163 1827 in
173 1769 314 1826 ebrietate
326 1767 400 1826 solet
410 1768 510 1837 rixari,
524 1768 678 1839 luxuriari,
694 1781 750 1828 ete.
765 1767 912 1827 contrabit

50 1851 114 1908 iam
128 1850 251 1908 istorum
265 1847 424 1906 effectuum
445 1859 526 1918 tune,
555 1849 674 1925 quando
694 1847 858 1908 voluntaris
880 1867 912 1906 se

50 1931 110 1999 fiat,
133 1941 186 1987 aut
207 1928 354 1986 inebriare
378 1927 452 1998 vult,
478 1929 614 2005 quamvis
634 1949 688 2006 per
709 1928 845 1988 accidens
866 1927 910 1984 illi

50 2030 94 2068 :us
107 2029 168 2066 non
183 2021 363 2086 sequantur;
388 2008 514 2086 proinde
536 2022 565 2066 et
583 2021 655 2068 tune
674 2009 706 2067 in
730 2008 911 2068 confessione

50 2092 99 2148 imi
114 2091 234 2159 debent,
254 2100 396 2165 tanquam
409 2089 541 2166 praevisa.

49 2170 158 2229 militer
168 2171 257 2247 juxta
270 2171 301 2227 S.
318 2169 423 2226 Thom.
439 2178 467 2228 2.
484 2178 512 2227 2.
528 2181 634 2246 quaest.
649 2174 697 2238 79.
719 2180 771 2230 art.
787 2177 814 2227 3.
829 2169 867 2227 ad
882 2178 911 2232 3.

55 2251 124 2328 quis
140 2252 202 2308 sero
218 2271 248 2307 se
263 2250 430 2319 inebriavit,
447 2262 476 2307 et
485 2270 545 2307 non
556 2262 652 2328 potest
663 2270 784 2329 surgere
798 2249 837 2308 ad
849 2269 911 2308 rna-

49 2331 127 2401 inaS,
144 2330 261 2388 omissio
275 2329 486 2388 matutinarum
501 2342 545 2388 est
559 2332 647 2389 etiam
659 2331 852 2389 voluntaria.''

49 2432 101 2469 em
115 2411 221 2469 dicunt
236 2409 357 2486 Sylvius
372 2420 402 2468 et
417 2410 543 2469 Billuart
557 2410 595 2468 de
609 2430 653 2480 eo,
677 2412 729 2488 qui
748 2409 912 2489 praevidere

49 2493 71 2550 it
81 2502 151 2569 post
161 2492 334 2548 ebrietatem
345 2509 376 2546 se
387 2501 607 2549 contracturum
619 2493 767 2560 morbum,
777 2489 912 2567 quoted-

49 2593 67 2630 r.
76 2573 225 2648 impotens
239 2571 277 2628 ad
291 2570 469 2628 audiendam
488 2571 609 2629 Missam
625 2571 673 2629 die
689 2572 785 2640 Festo,
809 2570 857 2627 vel
870 2569 913 2627 le·

48 2655 85 2711 as
101 2653 220 2710 Horas:
234 2653 275 2709 ito
288 2662 322 2709 ut
335 2650 402 2709 talis
412 2650 465 2708 fiat
478 2671 547 2710 reus
559 2662 603 2710 tot
616 2661 815 2727 peccatorum,
840 2661 914 2727 quot

49 2754 81 2790 as
101 2733 151 2789 vel
168 2733 264 2789 Horas
278 2730 442 2809 praevidere
456 2734 552 2807 potuit
567 2730 754 2789 omittendas.

48 2833 99 2870 ‚em
115 2811 286 2879 dicendum,
302 2811 462 2869 secundom
476 2823 593 2889 tempus
611 2811 792 2888 impotentiae
805 2810 913 2888 praevi-

63 2893 103 2950 de
113 2893 299 2961 beneficiato,
315 2892 376 2968 qui,
391 2891 557 2967 abjiciendo
567 2891 755 2961 breviarium,
771 2912 801 2949 se
814 2890 914 2949 reddit

48 2984 168 3031 rtentem
182 2972 220 3030 ad
234 2971 374 3048 legendas
390 2972 488 3029 Horas
513 2971 692 3030 canonicas:
720 2982 810 3049 prout
824 2972 912 3030 etiam

48 3075 66 3123 ι,
80 3054 135 3130 qui
147 3053 198 3110 dat
209 3053 391 3122 mandatum,
399 3051 446 3108 vel
457 3051 611 3109 eonsilium
624 3052 745 3121 famulo,
757 3063 791 3110 ut
799 3051 914 3110 occidat

47 3135 136 3202 inem,
152 3132 291 3191 incendat
304 3132 393 3202 sedes,
408 3144 464 3189 etc.
478 3132 554 3189 Vide
566 3133 595 3190 S.
612 3133 720 3190 Thom.
734 3132 800 3190 loco
815 3130 913 3188 citato.

47 3235 65 3271 ιι
79 3235 153 3290 ergo
169 3234 220 3291 qur
213 3213 390 3270 abbreviat
404 3213 460 3271 sibi
486 3213 587 3280 vitam,
611 3213 649 3270 sit
666 3232 736 3271 reus
750 3209 914 3269 omissionis

46 3294 138 3372 ipost
152 3305 278 3351 mortem
294 3299 460 3351 secuturae?

47 3375 236 3452 Negativb;
262 3374 330 3450 quia
354 3384 424 3451 post
450 3373 540 3430 vitam
555 3383 649 3430 cessat
672 3370 823 3466 obligatio,
847 3388 913 3427 cum

60 3455 144 3531 leges
159 3455 294 3512 humanae
305 3474 364 3511 non
374 3454 501 3531 amplius
513 3456 637 3531 vigent3
651 3470 753 3509 νειιιιιι
763 3471 819 3528 pro
832 3450 915 3509 ebrio

47 3547 144 3594 cessat
158 3535 214 3592 lex.

50 3617 218 3681 ..Observa
228 3614 310 3691 quod
320 3613 746 3690 rllamalrt1s‚s1vepeecatum
758 3613 916 3689 atempore

46 3717 69 3753 re
78 3696 187 3770 posita,¹
201 3696 393 3751 continuetur
406 3705 485 3766 acta,
511 3694 560 3753 vel
575 3695 696 3763 virtute,
723 3711 819 3772 usque
845 3690 921 3750 bom

46 3771 239 3846 uspraeuisus
249 3771 390 3850 sequitur
399 3774 473 3851 (nisi
483 3778 889 3856 causafuissetretraebassb
899 3790 934 3830 ιι
