2160 4072
409 101 455 144 ou
478 100 555 144 oco.
654 136 660 169 Ι
928 78 972 146 37

71 247 200 309 LICET
218 245 341 305 scientia
351 244 491 303 divinain
506 264 537 304 se
552 244 590 303 sit
601 243 689 302 unica
702 252 732 302 et
747 242 971 321 simplicissima,

35 340 130 388 nmen
140 347 180 385 ex
192 337 278 404 porte
290 325 475 404 objectorum
490 336 520 383 et
529 326 616 404 juxta
630 336 766 383 nostrum
782 323 971 402 concipiendi

35 409 155 468 modum
176 401 386 484 multipliciter
408 406 562 464 dividitur.

48 552 54 561 ,
71 491 96 549 1.
112 487 152 546 1⁰.
170 488 208 545 In
222 486 375 546 scientiam
389 486 638 554 “necessariamj'
652 485 738 562 cujus
750 485 857 562 nempe
869 486 970 565 objec-

34 579 96 628 tum
110 580 158 628 est
169 567 369 626 necessarium
379 589 388 638 ;
404 566 470 625 talis
492 576 538 624 est
557 564 662 623 notitia
675 566 784 623 divinae
797 568 931 626 essentias
943 580 973 627 et

34 669 131 708 rerum
144 647 334 726 possibilium
347 670 354 706 :
369 657 400 704 ct
413 654 433 680 “
448 646 590 704 liberam''
601 646 686 723 cujus
700 645 850 722 objectum
861 646 973 725 pendet

35 731 51 788 i
62 729 192 788 decretis
211 727 267 786 Dei
276 727 395 798 liberis3
409 727 478 785 talis
490 738 535 784 est
547 726 653 784 notitia
666 737 878 786 creaturarum.

73 811 116 869 Il.
142 809 186 868 2⁰.
212 807 249 865 In
277 806 429 866 scientiam
455 813 476 840 “
490 806 702 884 speculativam
724 817 755 865 ct
776 808 937 885 practicam
945 813 972 868 :''

38 891 115 967 prior
128 888 209 947 nihil
233 889 311 948 circa
332 887 483 965 objectum
506 897 654 964 operatur,
677 886 729 944 sed
750 890 868 947 tantum
895 889 972 949 illud

39 969 209 1048 cognoscit3
233 969 383 1046 posterior
407 987 467 1026 non
490 976 607 1025 tantum
631 968 792 1044 cognoscit,
820 969 972 1028 sedetiam

106 1060 184 1110 atur.

39 1069 137 1189 oplll.
152 1129 194 1189 80.
210 1130 249 1187 ln
263 1127 415 1188 scientiam
426 1128 706 1205 “approbationis’'
718 1130 779 1206 qut
794 1130 879 1188 Deus
892 1131 974 1200 videt

41 1211 161 1292 calquae
174 1211 332 1289 approbat,
345 1212 451 1286 nempe
464 1210 560 1268 bona:
583 1220 613 1266 et
627 1210 778 1267 scientiam
795 1215 814 1243 “
824 1209 974 1290 improba·

43 1290 144 1350 tionis”
160 1311 213 1348 seu
226 1298 247 1324 “
260 1288 504 1367 reprobationis,'’
517 1292 575 1366 qua
588 1290 737 1366 improbat
750 1290 835 1348 mala.

80 1371 132 1430 lv.
145 1396 149 1401 ·
161 1370 204 1430 4⁰.
220 1371 259 1428 ln
272 1370 423 1429 scientiam
452 1369 677 1439 “futurorum,”
705 1375 764 1447 qut
780 1371 864 1428 Deus
878 1371 977 1428 omnia

21 1476 36 1509 ·.
46 1450 141 1512 lutura
152 1450 298 1521 intuetur,
326 1461 357 1508 ct
369 1457 390 1484 “
404 1450 699 1519 conditionatorum,”
727 1455 787 1528 qut
809 1450 906 1509 noscit
917 1470 975 1521 res,

48 1551 109 1609 quae
117 1532 281 1601 evenirent,
296 1531 321 1589 si
334 1530 434 1608 aliqua
447 1530 579 1588 conditio
592 1543 763 1609 poneretur.

82 1613 117 1670 V.
133 1610 176 1673 5⁰.
190 1612 316 1670 Famose
330 1610 474 1669 dividitur
486 1611 518 1667 in
533 1610 686 1669 scientiam
701 1617 721 1644 “
735 1610 877 1689 simplicis
888 1610 975 1669 intel-

50 1690 201 1770 ligentiae,”
215 1703 247 1751 et
259 1692 411 1750 scientiam
426 1700 446 1725 “
456 1690 605 1749 visionis.”
620 1691 656 1748 V.
670 1690 725 1749 llla
739 1702 803 1762 est3
818 1695 877 1770 qua
895 1692 977 1750 Deus

51 1772 194 1850 cognoscit
216 1792 266 1830 res
285 1772 439 1849 possibiles
461 1769 606 1849 quatenus
629 1771 713 1841 tales,
728 1772 926 1830 abstrahendo
939 1774 977 1831 ab

50 1870 142 1911 aarum
163 1852 320 1911 existenti&
333 1852 346 1911 ἑ
356 1851 501 1930 perhanc
521 1853 672 1929 cognoscit
686 1853 770 1910 Deus
790 1852 882 1910 alium
892 1873 977 1911 mun-

53 1931 310 2011 dumpossibilem,
332 1943 361 1990 et
375 1932 538 2009 generatim
564 1952 664 1990 omnes
687 1952 735 1990 res
748 1930 906 2010 possibiles
912 1956 922 2006 3
947 1946 978 1992 et

45 2009 107 2073 lm
119 2013 243 2072 scientia
252 2015 284 2070 iu
296 2014 362 2072 Deo
375 2022 420 2071 est
432 2013 551 2070 omnino
565 2013 737 2070 necessaria.

86 2093 213 2153 Scientia
225 2093 347 2151 visionis
358 2103 402 2152 est
412 2112 456 2162 ea,
467 2095 525 2170 qua
536 2094 619 2150 Deus
629 2093 711 2150 videt
718 2112 766 2150 res
779 2103 814 2151 ut
821 2092 979 2152 existentes

55 2171 188 2252 italiqud
201 2174 344 2251 temporis
357 2172 539 2232 differentia:
560 2173 625 2232 haec
638 2173 769 2242 scientia,
783 2183 920 2251 respectu
934 2174 979 2232 vi·

57 2252 359 2325 macenniacum,
384 2264 429 2313 est
441 2253 545 2325 libera,
569 2264 707 2332 respectu
717 2253 841 2312 visionis
855 2254 913 2311 Dei
927 2274 979 2313 ne-

58 2351 178 2396 cessaria.

78 2412 372 2492 Utrdmetquomodd
384 2414 462 2473 iuter
469 2415 620 2473 scientiam
627 2415 769 2493 simplicis
776 2413 981 2491 intelligentiae

58 2504 83 2631 ll
89 2495 235 2555 scientiam
249 2495 370 2553 visionis
383 2494 567 2554 admittenda
577 2496 615 2554 sit
623 2496 746 2554 scientia
753 2494 859 2565 media,
866 2494 982 2553 dicetur

191 2650 247 2714 'N.
261 2663 310 2714 28.
337 2656 396 2714 DE
419 2655 713 2715 PRAESCIENTIA
735 2655 822 2713 DEI.

54 2752 80 2810 l.
97 2752 283 2812 Proescientio
294 2755 421 2830 competit
444 2753 514 2814 Dec.
559 2755 601 2813 ll.
628 2753 721 2812 Error
739 2753 880 2814 Ciceronis
893 2766 918 2816 et
932 2758 983 2818 Jo-

16 2904 21 2913 ,
89 2831 169 2889 oanis
182 2830 260 2888 Has.
302 2832 363 2892 111.
382 2832 541 2892 Necessitas
552 2832 727 2911 hypothetica
741 2855 794 2892 non
809 2842 888 2893 nocet
902 2837 985 2896 liter-

10 2921 28 2992 Τ
90 2913 149 2968 loti.
193 2909 247 2968 IV.
269 2911 392 2969 Etlanc
405 2911 492 2969 solam
506 2911 661 2991 irffoth
671 2912 862 2990 praescientia.

10 3004 22 3038 ³*-
90 2989 200 3062 QUID
212 3003 259 3049 est
271 2991 458 3068 praescientia
471 2990 552 3051 Dei?

10 3064 28 3118 ἐζ·
92 3069 124 3126 R.
144 3073 199 3129 Est
209 3072 339 3150 cognitio
351 3071 532 3131 futurorum.

92 3149 240 3209 Futurum
261 3151 374 3230 duplex
389 3162 456 3223 est;
471 3152 720 3213 “necessarium''
735 3157 852 3231 nempe,
875 3151 986 3228 quoda

62 3247 135 3288 rausa
147 3233 322 3303 necessaria,
337 3242 367 3290 et
389 3240 409 3266 “
423 3230 627 3310 contingens,”
642 3233 754 3311 quodi
768 3253 857 3292 causa
870 3230 986 3290 indiffe-

63 3311 128 3368 renti
140 3313 263 3388 pendet.
505 3328 508 3332 ’
872 3315 880 3322 ”

92 3391 184 3450 Causa
198 3391 369 3451 indifferens
383 3403 428 3451 est
451 3393 539 3451 etiam
560 3391 682 3471 duplex,
718 3400 738 3427 “
751 3391 894 3450 naturalis
908 3402 938 3450 et
951 3392 987 3449 li-

64 3465 145 3528 bsra”
178 3474 220 3531 Et
230 3473 302 3531 hinc
314 3472 372 3530 alia
386 3473 591 3550 contingentia
604 3485 673 3531 sunt
682 3472 838 3541 naturalia,
853 3483 887 3530 ut
896 3473 990 3543 venti,

10 3566 32 3633 s·
65 3546 261 3623 pluvioe,etcet
269 3552 328 3611 alia
337 3552 440 3623 libera,
448 3553 803 3631 quaedliberavoluntate
811 3552 986 3630 procedunt.

10 3666 14 3678 ·
94 3631 141 3690 An
155 3634 242 3692 Deus
255 3634 346 3692 habet
359 3633 512 3693 scientiam
524 3636 714 3695 futurorum?

27 3751 31 3757 .
96 3708 118 3767 1.
134 3715 169 3772 R.
184 3713 375 3782 Affirmativd,
400 3723 507 3792 estque
519 3715 585 3774 lraec
601 3717 731 3777 scientia
742 3716 778 3776 iu
789 3718 866 3778 Deo
880 3725 970 3775 carta
980 3724 1015 3770 st

62 3784 213 3858 radmodis,
232 3793 302 3924 gud
311 3810 373 3851 non
388 3794 506 3856 tantrlm
520 3800 611 3861 novit
623 3800 743 3864 futura
753 3798 951 3870 necessaria,
973 3792 1036 3852 ml

80 3864 168 3925 Tract.
184 3867 221 3923 de
265 3888 302 3927 ec.
474 3897 495 3938 n
