2152 4066
44 152 47 157 .
72 92 137 157 ato
283 96 287 103 '
443 84 646 155 nunciatus

67 266 183 336 potest:
199 257 242 316 ita
255 255 404 335 quantitas
418 266 536 316 centum
548 256 727 316 florenorum
738 265 783 315 est
794 254 859 314 circ

68 356 233 416 aggravans
242 348 381 415 respectu
393 337 467 397 furti
476 338 508 395 in
522 336 625 396 eadem
640 336 756 415 specie:
772 335 859 415 quia:

67 419 137 476 titas
150 437 211 476 non
224 427 269 477 est
282 417 444 476 essentialis
463 417 553 475 furto.

110 497 171 557 111.
182 496 319 570 Qualitas
332 497 450 576 objecti,
475 517 542 575 quae
552 498 641 557 etiam
655 497 766 557 dicitur
793 503 815 531 “
826 496 859 556 cir

68 575 205 656 designat
225 577 395 657 qualitatem
418 576 528 656 objecti
555 577 775 649 accidentalem,
808 587 841 636 ut

68 656 151 717 furto
163 656 262 717 ablata
275 657 315 716 sit
323 676 414 727 sacra,
434 658 548 716 ratione
561 658 648 737 cujus
661 658 776 717 furtum
792 666 859 716 cont

70 735 166 797 litium
180 737 335 816 sacrilegii.

111 818 159 877 Ex
173 817 277 877 eodem
291 817 387 896 capite
400 817 517 888 occisio,
530 817 624 888 laesio,
646 818 810 896 percussio,
838 833 859 875 e*

69 907 145 969 tum,
166 898 362 976 superiorum,
385 897 533 976 conjugia,
552 897 662 968 fratris,
686 899 796 976 patrui,
817 907 859 955 tut

69 977 224 1056 specialem
247 976 389 1037 malitiam
412 978 524 1036 habent
538 988 641 1038 contra
654 978 797 1038 virtutem
817 980 857 1036 ob

69 1056 118 1117 vel
130 1057 259 1135 pietatis.
287 1059 381 1118 Extra
392 1058 522 1137 primum
533 1069 632 1117 tamen
647 1058 693 1116 vel
708 1058 859 1118 secundun

69 1137 332 1217 consanguinitatis
343 1148 397 1197 aut
418 1138 565 1197 affinitatis
584 1159 645 1197 non
667 1138 787 1198 videtur
807 1139 859 1195 hae=

69 1218 177 1277 stantia
189 1217 299 1277 addere
333 1218 441 1277 raefatis
449 1219 578 1296 peccatis
592 1218 733 1277 malitiam
746 1217 859 1276 morial

110 1297 254 1378 Ejusdem
267 1317 296 1355 m
329 1297 387 1357 itia
397 1298 617 1357 circumstantia
630 1299 781 1358 invenitur
795 1299 825 1355 in
841 1319 859 1356 o

70 1376 165 1448 viciis,
175 1376 350 1448 maledictis,
364 1377 636 1457 imprecationibus,
655 1378 856 1446 contumeliis,

71 1460 139 1524 bus,
151 1457 271 1537 pugnis,
282 1456 354 1516 rixis
368 1468 398 1516 et
411 1457 557 1517 similibus
570 1458 649 1517 eirca
662 1459 779 1517 easdem
793 1478 859 1536 pers

68 1548 167 1597 rentes
179 1558 297 1616 nempe,
311 1537 486 1616 superiores,
500 1538 615 1609 fratres,
636 1549 692 1597 etc.

110 1617 238 1687 Occiaio,
258 1616 347 1687 lesio,
361 1616 522 1695 percussio,
547 1629 602 1677 etc.
617 1617 724 1677 Clerici
740 1617 787 1677 vel
802 1618 858 1676 Rel

69 1697 146 1756 dunt
156 1697 299 1757 malitiam
318 1696 475 1776 sacrilegii.

109 1778 186 1837 Haec
199 1777 417 1837 circumstantia
427 1784 448 1811 ‘⁰
459 1776 533 1855 quid
540 1781 557 1803 ’'
572 1799 623 1837 seu
638 1779 744 1838 “circa
753 1779 856 1857 quid,”

67 1866 114 1918 ter
123 1857 255 1918 occurrit
261 1857 291 1915 in
300 1857 430 1953 peccans
438 1868 540 1916 contra
549 1859 720 1922 castitatem,
730 1858 840 1937 quibus
851 1879 859 1916 r

67 1948 115 1997 ter
127 1936 211 1997 addit
223 1937 344 1996 alterius
359 1937 468 2016 speciei
477 1937 619 1997 malitiam
631 1961 640 2010 3
655 1939 697 1996 sic
710 1950 859 2016 peecatum

68 2028 127 2075 tam
142 2017 292 2076 internum
303 2016 393 2095 quim
405 2027 560 2076 externum
572 2019 650 2078 circa
662 2038 816 2096 personam
827 2040 857 2076 m

64 2097 211 2175 junctam,
223 2097 331 2175 accipit
346 2118 382 2157 ex
395 2097 447 2156 illa
459 2098 678 2159 circumstantia
692 2099 834 2157 malitiam
849 2099 859 2155 i

110 2177 168 2236 Sed
183 2177 334 2255 quomodo
348 2178 479 2237 conditio
498 2176 677 2237 matrimonii
690 2180 819 2256 pertinet
834 2200 859 2236 a(

69 2258 205 2316 stantiam
234 2264 255 2292 “
266 2257 369 2336 quid‚''
397 2260 461 2317 ciam
485 2278 610 2318 numero
629 2259 810 2336 praecedenti
836 2260 855 2317 d

70 2357 134 2396 eam
149 2342 282 2416 spectare
295 2337 333 2396 ad
355 2337 603 2398 circumstantiam
624 2346 645 2373 “
659 2339 746 2416 quis?
756 2343 772 2364 '’

110 2417 165 2476 lv.
189 2418 221 2476 R.
246 2418 326 2491 Quia
344 2417 476 2477 conditio
497 2418 675 2476 matrimonii
702 2431 800 2497 potest
821 2441 859 2498 spi

67 2506 225 2575 utramque
248 2498 499 2558 circumstantiam
527 2505 549 2532 “
559 2498 627 2576 quis
641 2500 758 2576 etquid
768 2503 784 2524 ''
811 2503 859 2557 sul

67 2587 204 2655 respectu
215 2601 223 2637 :
235 2577 381 2656 quatentls
391 2579 468 2655 enim
478 2598 606 2656 persona
616 2599 741 2655 operans
755 2580 817 2637 sive
827 2600 859 2657 p<

68 2658 253 2716 matrimonio
275 2659 390 2736 juncta,
404 2659 534 2736 pertinet
548 2657 588 2716 ad
608 2660 859 2718 circumstantiam

68 2736 212 2813 quatenus
225 2758 297 2797 vero
309 2758 444 2816 persona,
464 2738 544 2797 circa
556 2758 645 2816 quam
660 2738 707 2796 vel
721 2745 852 2817 quicum

66 2827 111 2875 est
124 2817 309 2877 matrimonio
316 2818 430 2896 juncta,
435 2819 566 2896 pertinet
577 2817 616 2877 ad
627 2818 859 2878 circumstantiae

108 2895 142 2954 V.
169 2898 327 2957 Peccatum
351 2898 477 2957 luxuriae
500 2898 579 2958 circa
601 2918 758 2976 personam
780 2911 850 2957 voto

66 2975 246 3048 obstrictam,
261 2982 332 3056 puta
349 2978 542 3056 Religiosum,
558 2979 756 3049 Sacerdotem,
772 2991 827 3038 etc.
843 2979 859 3036 i]

66 3055 159 3114 trahit
172 3056 313 3116 malitiam
326 3057 482 3137 sacrilegii.

103 3136 159 3195 Vl.
184 3138 308 3197 Peccata
319 3136 445 3198 luxuriae
459 3139 537 3198 circa
551 3138 599 3196 vel
613 3158 681 3197 cum
695 3140 857 3216 consangui

67 3214 156 3275 nibus
180 3217 259 3276 intra
271 3216 382 3295 gradus
395 3218 570 3298 prohibitos,
596 3228 647 3277 aut
664 3220 838 3295 cognatione

61 3297 174 3375 junctis
188 3298 368 3357 contrahunt
379 3299 520 3357 malitiam
530 3299 659 3358 incestis
670 3303 702 3358 eb
713 3301 859 3378 majorem,

65 3377 122 3436 dus
143 3389 189 3436 est
207 3379 412 3456 propinquior.
435 3379 563 3438 Proinde
584 3382 615 3438 in
640 3379 823 3447 confessione
846 3401 859 3457 p

31 3518 33 3523 ,
64 3456 143 3515 linea
153 3459 416 3536 consanguinitatis
430 3470 481 3517 aut
489 3460 636 3520 affinitatis
649 3460 737 3519 etiarn
751 3462 859 3536 exprim

106 3538 275 3597 Generatim
285 3539 538 3616 peccataluxuriae
549 3540 626 3600 inter
639 3560 779 3619 personas
792 3542 859 3617 imp

64 3617 215 3677 dirimenti
223 3619 373 3690 obnoxias,
396 3621 576 3680 contrahunt
587 3622 657 3680 inde
677 3620 834 3698 specialem
854 3641 859 3678 ι

66 3698 138 3756 dum
152 3696 399 3776 impedimentum
412 3710 458 3758 est
480 3701 673 3762 constitutum
696 3719 733 3758 ex
747 3699 859 3778 special:

60 3775 184 3849 motivo,
208 3777 322 3838 ratione
346 3779 431 3858 cujus
458 3779 584 3842 dedecet
604 3793 634 3843 et
655 3780 806 3860 prohibita
832 3799 859 3839 es
