2152 4066
99 105 164 173 30ss
456 135 669 180 RBACTATUS

100 275 235 357 adeoque
248 297 307 337 aon
321 298 462 357 peccasse
473 282 657 354 mortalitem
672 281 743 360 quia
752 281 777 341 si
799 282 872 341 satia
884 280 1033 345 deliberati
1065 324 1072 365 2

103 360 305 427 consensisset,
316 379 377 417 non
391 362 552 434 dubitaret,
567 362 620 422 sed
634 362 709 421 illud
718 362 899 421 sufficienter
908 362 1035 434 scitote
1065 380 1072 443 .'.

98 447 244 514 tauquam
255 451 369 499 certum
380 455 523 503 assereret
532 467 539 503 :
547 443 738 521 praesumitur
747 444 850 521 itaque
860 443 961 503 inboc
970 462 1037 518 casu,
1066 456 1070 481 '

103 517 184 594 quod
195 519 351 579 delectatio
365 526 479 583 tantbm
492 524 624 585 fueritin
632 524 768 602 appetita
783 525 1036 594 sensitivo,nos1iu
1067 584 1070 589 .

100 599 244 659 rationali.
287 603 439 674 Eoontra,
468 607 492 664 si
507 605 648 665 dubitans
661 605 699 663 sit
712 604 1036 676 tauns-conscientie,

100 679 291 754 praesumitur
317 686 520 758 consensisse3
548 685 573 744 si
596 687 677 744 enim
703 704 764 744 non
783 684 994 756 conmisisset,
1012 688 1036 746 id
1067 752 1070 758 Δ

100 763 182 819 certo
196 776 398 839 cognosceret,
419 777 449 825 et
462 788 523 826 non
538 766 700 826 dubitaret.
843 772 846 781 '
1065 774 1067 779 ’

141 840 278 901 &cunda
289 864 299 902 e
312 844 411 922 siquis
420 848 537 907 dubitet
546 847 585 906 de
595 864 750 917 consensu,
761 845 855 924 quiin
866 844 1036 908 mamni

102 939 255 997 nunquam
277 924 361 996 solet,
376 929 465 985 etiam
476 929 530 987 ubi
544 928 659 988 occasio
671 948 702 986 ae
716 926 812 997 offert,
826 926 889 986 labi
900 927 935 985 iu
949 936 1036 986 sctum
1062 956 1065 964 >

102 1003 285 1073 exteriorem,
297 1008 477 1084 quiquenon
487 1010 561 1068 solet
569 1009 730 1068 deliberate
740 1007 911 1067 consentire
922 1016 954 1066 et
962 1007 1036 1066 adeo
1059 1027 1068 1046 r

98 1090 136 1137 tu
146 1082 298 1161 adhaerere
309 1086 455 1147 similibus
463 1088 710 1149 delectationibus
719 1088 856 1157 internis,
865 1106 1036 1166 presumen-

103 1160 176 1219 dum
191 1179 243 1235 est,
255 1168 336 1242 quod
350 1170 438 1228 etiam
453 1170 509 1228 hoc
520 1191 589 1229 casu
603 1189 663 1227 non
676 1169 764 1248 plene
775 1168 971 1227 consenserit.

144 1243 238 1307 Sectis
246 1246 454 1323 judicandum,
467 1252 491 1309 si
504 1251 561 1311 iste
572 1250 658 1310 facile
671 1248 844 1328 molebatur
853 1249 886 1307 iu
901 1247 1037 1327 demedi

102 1336 224 1396 peecata
236 1340 367 1399 externa,
378 1342 430 1389 aut
444 1332 548 1391 solitas
561 1332 599 1390 sit
612 1329 771 1408 indulgere
787 1329 938 1389 debilibus
951 1328 1038 1391 delet·
1070 1351 1076 1364 ¹

102 1405 263 1465 tationibus
277 1410 411 1482 internis,
425 1433 460 1471 ac
473 1412 630 1489 aliquoties
643 1409 804 1472 deliberate
815 1409 993 1471 cmsentire·

97 1525 102 1535 ·
144 1486 254 1547 Tertia:
271 1490 410 1551 dubitans
425 1493 465 1551 de
477 1512 631 1562 consensu,
645 1491 835 1570 presumitur
847 1508 913 1550 non
925 1508 1038 1549 eonten-

104 1562 184 1635 sisse,
208 1570 232 1626 si
253 1572 427 1631 brevissimo
440 1583 574 1652 ternpore
587 1584 617 1632 et
629 1574 743 1633 tanblm
765 1570 864 1630 obiter
876 1570 997 1631 buerit
1011 1572 1039 1629 in

103 1644 308 1722 delectatione,
321 1664 350 1710 et
360 1674 440 1724 mox,
450 1655 580 1732 utplene
591 1674 654 1713 eam
669 1651 811 1723 advertit,
827 1671 893 1710 eam
903 1651 1041 1730 repellere

103 1740 225 1787 conatus
239 1731 339 1802 fuerit,
359 1752 476 1792 eausam
503 1735 656 1793 sustulerit
674 1744 705 1792 et
724 1733 802 1792 ultro
824 1732 951 1791 senserit
962 1735 1040 1810 quai

103 1808 245 1868 orientem
255 1813 345 1870 animi
356 1816 539 1873 aversionem
554 1836 589 1875 ac
598 1816 755 1884 timorem3
768 1812 840 1871 licet
851 1812 934 1871 enim
949 1812 1041 1871 delec-

102 1890 176 1946 tatio
189 1894 357 1952 transitoria
369 1897 463 1970 possit
477 1916 540 1954 esse
563 1895 707 1965 mortalis,
731 1893 790 1952 hoc
811 1904 918 1953 tamen
935 1894 1041 1952 tantitm

103 1981 148 2027 est
161 1991 275 2044 verum,
288 1976 407 2051 quando
417 1987 462 2049 est
474 1977 561 2053 plene
576 1976 745 2034 deliberata.

144 2052 169 2107 E
186 2061 326 2113 converso
341 2059 531 2132 presumitur
546 2056 735 2125 consensisse,
758 2054 792 2125 si,
807 2055 874 2112 cbrn
888 2053 978 2131 plene
996 2055 1042 2112 at

23 2183 25 2189 .
106 2133 204 2201 vertit,
220 2153 280 2191 non
295 2136 489 2208 exhorruerit,
509 2149 538 2196 et
559 2150 691 2196 exortam
712 2136 940 2193 delectationem
955 2136 1042 2193 extin-

103 2230 205 2285 guere,
218 2234 319 2274 causas
328 2219 554 2296 occasionesque
563 2220 657 2276 vitare
666 2216 772 2295 parlim
780 2216 941 2274 cdraverit
965 2215 1042 2274 Idem

103 2297 353 2366 praesumendum,
370 2299 393 2355 si
408 2299 564 2357 delectatio
585 2298 738 2356 duraverit
749 2316 804 2373 per
816 2295 953 2354 notabile
975 2309 1043 2354 tem·
1072 2322 1076 2342 ι

102 2391 169 2447 puS,
183 2395 243 2451 ug.
252 2397 306 2452 per
316 2379 447 2436 medium
458 2380 669 2456 quadrantem
684 2376 1042 2436 nisitorteeonttnuoluc·
1075 2405 1076 2408 ¹

102 2464 182 2510 tatus
203 2456 293 2516 suerit
307 2471 409 2517 contra
427 2461 568 2537 repetitos
588 2457 759 2519 tentationis
775 2457 909 2534 impetus
917 2479 926 2527 3
941 2476 1011 2514 nam
1022 2459 1040 2515 si
1063 2489 1076 2502 ··

103 2531 227 2593 viriliter
237 2538 1036 2618 pugnaverit,noneritpeccatum,sedpotibsmeritum.
1056 2528 1067 2603 li

143 2613 257 2684 Quarta
272 2619 376 2695 reg-ula
387 2621 457 2678 addi
471 2632 586 2697 potest:
602 2620 633 2679 Si
646 2620 714 2696 quis
724 2618 851 2685 dubitet,
867 2617 1037 2694 vigilansne
1055 2634 1076 2693 p:

102 2713 139 2750 an
151 2693 309 2768 dormiens,
325 2702 371 2758 sui
386 2719 506 2779 compos
520 2720 558 2759 an
569 2703 664 2778 impos
673 2699 837 2777 quidquam
852 2697 969 2767 fecerit,
981 2717 1035 2755 cen·
1058 2751 1076 2802 Ι

102 2774 215 2833 sebitur
229 2798 289 2835 non
303 2781 374 2838 satis
384 2781 546 2840 advertisse
555 2793 607 2840 aut
615 2780 807 2848 consensisse3
819 2778 873 2854 qui
885 2779 965 2836 enim
971 2778 1034 2855 vigi·
1058 2807 1076 2879 »¹2

99 2852 152 2924 lat,
168 2857 236 2915 satis
250 2862 339 2918 sentit
353 2881 384 2919 se
398 2861 532 2935 vigilare.
1059 2883 1074 2906 ¹

144 2938 231 3007 Nota,
259 2942 452 3018 cogitationes
471 2943 509 3002 de
530 2943 647 3021 objecto
666 2939 745 2999 malo
758 2939 867 3016 sapius
881 2938 1033 2998 excusatil

102 3019 185 3090 gravi
201 3039 254 3095 per
267 3021 525 3094 inadvertentiam,
537 3024 608 3081 dum
623 3021 690 3101 quis
700 3040 760 3078 non
775 3020 843 3076 satis
858 3019 985 3079 reflectit
992 3020 1033 3078 ob·

99 3096 214 3172 jectum
239 3120 302 3159 esse
322 3102 445 3172 malum,
465 3125 493 3164 v.
515 3125 545 3181 g.
559 3102 737 3181 injuriosum
749 3099 897 3178 proximo,
911 3100 961 3158 vei
973 3100 1033 3158 dum

101 3196 162 3233 non
177 3179 246 3238 satis
256 3183 406 3260 praevidit,
419 3184 489 3243 inde
501 3204 588 3263 posse
597 3183 675 3242 mala
689 3182 782 3260 sequi,
794 3179 819 3239 si
829 3199 940 3259 nempe
948 3180 1033 3240 statim
1071 3215 1076 3220 ·

100 3267 191 3334 atque
201 3261 338 3334 advertit,
352 3275 459 3322 renuat
473 3264 649 3324 consentire.

102 3418 140 3474 N.
155 3428 220 3486 117·
242 3424 300 3482 DE
318 3425 659 3485 DELECTATIONB
673 3421 799 3483 CIRCA
814 3420 1035 3482 COGNITIO-
1075 3445 1076 3448 ¹

262 3507 289 3562 N
294 3507 355 3563 EM
372 3508 456 3565 VEL
469 3506 636 3565 MODUM
652 3503 723 3563 REI
739 3503 882 3563 MaLAE.

355 3670 388 3728 δ’.
406 3667 508 3729 Tlrom.
522 3675 623 3746 quoest.
632 3673 685 3733 Ἃ.
698 3671 754 3720 ort.
765 3671 798 3720 t.

70 3823 98 3882 I·
130 3824 312 3894 Delectatio
332 3835 373 3894 de
401 3828 585 3906 cogitatione
609 3822 658 3882 rei
678 3816 777 3907 mala,
830 3812 882 3868 ll·
916 3810 1075 3879 (ὶωὶῑψ

111 3914 271 3987 rarorlalr‘s,
322 3918 396 3979 ΙΙΙ.
436 3910 629 3984 Qaraadoqae
660 3892 797 3959 scurolis,
836 3889 905 3946 N.
937 3880 1075 3945 saneta
