<?xml version="1.0" encoding="UTF-8"?>
<!DOCTYPE html PUBLIC "-//W3C//DTD XHTML 1.0 Transitional//EN"
    "http://www.w3.org/TR/xhtml1/DTD/xhtml1-transitional.dtd">
<html xmlns="http://www.w3.org/1999/xhtml" xml:lang="en" lang="en">
 <head>
  <title>
</title>
<meta http-equiv="Content-Type" content="text/html;charset=utf-8" />
  <meta name='ocr-system' content='tesseract 3.04.00' />
  <meta name='ocr-capabilities' content='ocr_page ocr_carea ocr_par ocr_line ocrx_word'/>
</head>
<body>
  <div class='ocr_page' id='page_1' title='image "./theologiamorali00densgoog_0320.png"; bbox 0 0 2160 4072; ppageno 0'>
   <div class='ocr_carea' id='block_1_1' title="bbox 414 107 1009 176">
    <p class='ocr_par' dir='ltr' id='par_1_1' title="bbox 414 107 1009 176">
     <span class='ocr_line' id='line_1_1' title="bbox 414 107 1009 176; baseline 0.015 -8"><span class='ocrx_word' id='word_1_1' title='bbox 414 123 461 168; x_wconf 81' lang='lat' dir='ltr'>nn</span> <span class='ocrx_word' id='word_1_2' title='bbox 483 126 657 171; x_wconf 74' lang='lat' dir='ltr'>eneceris.</span> <span class='ocrx_word' id='word_1_3' title='bbox 940 107 1009 176; x_wconf 70' lang='lat'>80⁸⁸*</span> 
     </span>
    </p>
   </div>
   <div class='ocr_carea' id='block_1_2' title="bbox 53 240 1006 518">
    <p class='ocr_par' dir='ltr' id='par_1_2' title="bbox 53 240 1006 518">
     <span class='ocr_line' id='line_1_2' title="bbox 76 240 1006 335; baseline 0.008 -7"><span class='ocrx_word' id='word_1_4' title='bbox 76 267 180 328; x_wconf 62' lang='lat' dir='ltr'>‘aaa</span> <span class='ocrx_word' id='word_1_5' title='bbox 221 271 256 330; x_wconf 90' lang='lat' dir='ltr'>v.</span> <span class='ocrx_word' id='word_1_6' title='bbox 272 270 353 331; x_wconf 57' lang='lat' dir='ltr'>raam</span> <span class='ocrx_word' id='word_1_7' title='bbox 362 279 404 330; x_wconf 68' lang='lat' dir='ltr'>at</span> <span class='ocrx_word' id='word_1_8' title='bbox 416 268 450 328; x_wconf 77' lang='lat' dir='ltr'>a</span> <span class='ocrx_word' id='word_1_9' title='bbox 467 272 646 332; x_wconf 63' lang='lat' dir='ltr'>canaam</span> <span class='ocrx_word' id='word_1_10' title='bbox 658 271 736 332; x_wconf 64' lang='lat' dir='ltr'>aro</span> <span class='ocrx_word' id='word_1_11' title='bbox 745 272 855 331; x_wconf 66' lang='lat' dir='ltr'>mam</span> <span class='ocrx_word' id='word_1_12' title='bbox 867 240 912 333; x_wconf 67' lang='lat' dir='ltr'>ra</span> <span class='ocrx_word' id='word_1_13' title='bbox 924 274 1006 335; x_wconf 70' lang='lat' dir='ltr'>mna</span> 
     </span>
     <span class='ocr_line' id='line_1_3' title="bbox 53 348 1004 434; baseline 0.008 -29"><span class='ocrx_word' id='word_1_14' title='bbox 53 380 55 391; x_wconf 81' lang='lat'><em>=</em></span> <span class='ocrx_word' id='word_1_15' title='bbox 95 348 154 407; x_wconf 81' lang='lat' dir='ltr'>vl.</span> <span class='ocrx_word' id='word_1_16' title='bbox 177 349 279 408; x_wconf 67' lang='lat' dir='ltr'>Facile*</span> <span class='ocrx_word' id='word_1_17' title='bbox 289 352 427 409; x_wconf 65' lang='lat' dir='ltr'>tranem</span> <span class='ocrx_word' id='word_1_18' title='bbox 439 351 459 407; x_wconf 90' lang='lat' dir='ltr'>d</span> <span class='ocrx_word' id='word_1_19' title='bbox 472 352 627 427; x_wconf 76' lang='lat' dir='ltr'>cognitione</span> <span class='ocrx_word' id='word_1_20' title='bbox 640 353 684 410; x_wconf 85' lang='lat' dir='ltr'>vel</span> <span class='ocrx_word' id='word_1_21' title='bbox 692 352 769 409; x_wconf 79' lang='lat' dir='ltr'>modo</span> <span class='ocrx_word' id='word_1_22' title='bbox 782 352 821 409; x_wconf 85' lang='lat' dir='ltr'>ud</span> <span class='ocrx_word' id='word_1_23' title='bbox 835 374 892 412; x_wconf 87' lang='lat' dir='ltr'>rem</span> <span class='ocrx_word' id='word_1_24' title='bbox 905 355 1004 434; x_wconf 71' lang='grc' dir='ltr'><strong>ι’ριαιιι·</strong></span> 
     </span>
     <span class='ocr_line' id='line_1_4' title="bbox 53 427 903 518; baseline 0.007 -33"><span class='ocrx_word' id='word_1_25' title='bbox 53 458 55 467; x_wconf 93' lang='lat'>·</span> <span class='ocrx_word' id='word_1_26' title='bbox 93 427 172 518; x_wconf 73' lang='lat' dir='ltr'>llll.</span> <span class='ocrx_word' id='word_1_27' title='bbox 194 428 553 508; x_wconf 58' lang='lat' dir='ltr'>Regudnditceraatdiun</span> <span class='ocrx_word' id='word_1_28' title='bbox 568 431 903 504; x_wconf 58' lang='lat' dir='ltr'>&amp;dotatioaitdemodq</span> 
     </span>
    </p>
   </div>
   <div class='ocr_carea' id='block_1_3' title="bbox 53 526 1004 745">
    <p class='ocr_par' dir='ltr' id='par_1_3' title="bbox 53 526 1004 745">
     <span class='ocr_line' id='line_1_5' title="bbox 53 526 218 586; baseline 0.012 -23"><span class='ocrx_word' id='word_1_29' title='bbox 53 540 63 563; x_wconf 61' lang='grc' dir='ltr'>ι-</span> <span class='ocrx_word' id='word_1_30' title='bbox 94 528 164 586; x_wconf 65' lang='lat' dir='ltr'>epto</span> <span class='ocrx_word' id='word_1_31' title='bbox 179 526 218 569; x_wconf 82' lang='lat' dir='ltr'>re.</span> 
     </span>
     <span class='ocr_line' id='line_1_6' title="bbox 98 665 1004 745; baseline 0.009 -22"><span class='ocrx_word' id='word_1_32' title='bbox 98 665 124 724; x_wconf 85' lang='lat'>1.</span> <span class='ocrx_word' id='word_1_33' title='bbox 138 667 257 727; x_wconf 83' lang='lat' dir='ltr'><strong>BENE</strong></span> <span class='ocrx_word' id='word_1_34' title='bbox 279 665 424 745; x_wconf 74' lang='lat' dir='ltr'><strong>distingui</strong></span> <span class='ocrx_word' id='word_1_35' title='bbox 444 667 534 728; x_wconf 87' lang='lat' dir='ltr'>debet</span> <span class='ocrx_word' id='word_1_36' title='bbox 547 667 705 728; x_wconf 75' lang='lat' dir='ltr'>delectatio</span> <span class='ocrx_word' id='word_1_37' title='bbox 717 669 756 728; x_wconf 90' lang='lat' dir='ltr'>de</span> <span class='ocrx_word' id='word_1_38' title='bbox 769 681 802 727; x_wconf 84' lang='lat' dir='ltr'>rc</span> <span class='ocrx_word' id='word_1_39' title='bbox 824 668 872 729; x_wconf 84' lang='lat' dir='ltr'>vel</span> <span class='ocrx_word' id='word_1_40' title='bbox 886 670 1004 731; x_wconf 79' lang='lat' dir='ltr'>actione</span> 
     </span>
    </p>
   </div>
   <div class='ocr_carea' id='block_1_4' title="bbox 918 392 1006 493">
    <p class='ocr_par' dir='ltr' id='par_1_4' title="bbox 918 392 1006 493">
     <span class='ocr_line' id='line_1_7' title="bbox 918 392 1006 493; baseline 0.023 -2"><span class='ocrx_word' id='word_1_41' title='bbox 918 392 1006 493; x_wconf 61' lang='lat' dir='ltr'>aaa</span> 
     </span>
    </p>
   </div>
   <div class='ocr_carea' id='block_1_5' title="bbox 53 745 1076 3876">
    <p class='ocr_par' dir='ltr' id='par_1_5' title="bbox 55 745 1006 1053">
     <span class='ocr_line' id='line_1_8' title="bbox 56 745 1004 828; baseline 0.004 -21"><span class='ocrx_word' id='word_1_42' title='bbox 56 745 138 807; x_wconf 83' lang='lat' dir='ltr'>mala</span> <span class='ocrx_word' id='word_1_43' title='bbox 152 749 169 803; x_wconf 76' lang='grc' dir='ltr'>ὲ</span> <span class='ocrx_word' id='word_1_44' title='bbox 183 745 378 807; x_wconf 76' lang='lat' dir='ltr'>delectatione</span> <span class='ocrx_word' id='word_1_45' title='bbox 392 749 431 809; x_wconf 91' lang='lat' dir='ltr'>de</span> <span class='ocrx_word' id='word_1_46' title='bbox 452 749 643 828; x_wconf 78' lang='lat' dir='ltr'>cogitatione,</span> <span class='ocrx_word' id='word_1_47' title='bbox 658 749 828 827; x_wconf 77' lang='lat' dir='ltr'>cognitione</span> <span class='ocrx_word' id='word_1_48' title='bbox 842 749 897 808; x_wconf 83' lang='lat' dir='ltr'>rel·</span> <span class='ocrx_word' id='word_1_49' title='bbox 914 752 1004 811; x_wconf 87' lang='lat' dir='ltr'>modo</span> 
     </span>
     <span class='ocr_line' id='line_1_9' title="bbox 55 826 1006 911; baseline 0.006 -27"><span class='ocrx_word' id='word_1_50' title='bbox 55 827 218 891; x_wconf 65' lang='lat' dir='ltr'>eeimalae:</span> <span class='ocrx_word' id='word_1_51' title='bbox 235 826 387 905; x_wconf 83' lang='lat' dir='ltr'>objectum</span> <span class='ocrx_word' id='word_1_52' title='bbox 396 829 580 908; x_wconf 79' lang='lat' dir='ltr'>enimhujut</span> <span class='ocrx_word' id='word_1_53' title='bbox 594 829 869 891; x_wconf 85' lang='lat' dir='ltr'>delectationienon</span> <span class='ocrx_word' id='word_1_54' title='bbox 883 841 928 891; x_wconf 83' lang='lat' dir='ltr'>eat</span> <span class='ocrx_word' id='word_1_55' title='bbox 940 833 1006 911; x_wconf 79' lang='lat' dir='ltr'>ipae</span> 
     </span>
     <span class='ocr_line' id='line_1_10' title="bbox 57 907 1005 1045; baseline 0.008 -81"><span class='ocrx_word' id='word_1_56' title='bbox 57 907 208 1045; x_wconf 62' lang='lat' dir='ltr'>reqlmala,</span> <span class='ocrx_word' id='word_1_57' title='bbox 220 907 468 989; x_wconf 82' lang='lat' dir='ltr'>sedtantimipoa</span> <span class='ocrx_word' id='word_1_58' title='bbox 481 911 633 989; x_wconf 72' lang='lat' dir='ltr'>cogitatio,</span> <span class='ocrx_word' id='word_1_59' title='bbox 644 910 777 993; x_wconf 80' lang='lat' dir='ltr'>cognitio</span> <span class='ocrx_word' id='word_1_60' title='bbox 787 910 836 970; x_wconf 90' lang='lat' dir='ltr'>vel</span> <span class='ocrx_word' id='word_1_61' title='bbox 843 911 950 972; x_wconf 74' lang='lat' dir='ltr'>modus</span> <span class='ocrx_word' id='word_1_62' title='bbox 960 913 1005 972; x_wconf 85' lang='lat' dir='ltr'>rei</span> 
     </span>
     <span class='ocr_line' id='line_1_11' title="bbox 58 1007 956 1053; baseline 0.001 -8"><span class='ocrx_word' id='word_1_63' title='bbox 58 1007 88 1045; x_wconf 88' lang='lat' dir='ltr'>ru</span> <span class='ocrx_word' id='word_1_64' title='bbox 119 1008 155 1045; x_wconf 86' lang='lat' dir='ltr'>ae.</span> <span class='ocrx_word' id='word_1_65' title='bbox 952 1045 956 1053; x_wconf 89' lang='grc'><strong>,</strong></span> 
     </span>
    </p>

    <p class='ocr_par' dir='ltr' id='par_1_6' title="bbox 59 1067 1003 1211">
     <span class='ocr_line' id='line_1_12' title="bbox 96 1067 1003 1210; baseline 0.007 -82"><span class='ocrx_word' id='word_1_66' title='bbox 96 1071 152 1128; x_wconf 88' lang='lat' dir='ltr'>An</span> <span class='ocrx_word' id='word_1_67' title='bbox 167 1067 322 1210; x_wconf 54' lang='grc' dir='ltr'><strong>ἱιὲἰειιιιίο</strong></span> <span class='ocrx_word' id='word_1_68' title='bbox 336 1069 375 1129; x_wconf 92' lang='lat' dir='ltr'>de</span> <span class='ocrx_word' id='word_1_69' title='bbox 387 1071 558 1150; x_wconf 75' lang='lat' dir='ltr'>cognitione</span> <span class='ocrx_word' id='word_1_70' title='bbox 578 1071 625 1132; x_wconf 92' lang='lat' dir='ltr'>vel</span> <span class='ocrx_word' id='word_1_71' title='bbox 650 1072 829 1150; x_wconf 67' lang='lat' dir='ltr'>agitatione</span> <span class='ocrx_word' id='word_1_72' title='bbox 850 1071 1003 1133; x_wconf 80' lang='lat' dir='ltr'>rei&#39;ntalae</span> 
     </span>
     <span class='ocr_line' id='line_1_13' title="bbox 59 1159 168 1211; baseline 0.046 -5"><span class='ocrx_word' id='word_1_73' title='bbox 59 1159 105 1206; x_wconf 79' lang='lat' dir='ltr'>eet</span> <span class='ocrx_word' id='word_1_74' title='bbox 116 1169 168 1211; x_wconf 83' lang='lat' dir='ltr'>ma</span> 
     </span>
    </p>

    <p class='ocr_par' dir='ltr' id='par_1_7' title="bbox 60 1229 1004 1472">
     <span class='ocr_line' id='line_1_14' title="bbox 101 1229 1004 1312; baseline 0.006 -23"><span class='ocrx_word' id='word_1_75' title='bbox 101 1231 137 1289; x_wconf 80' lang='lat' dir='ltr'>R.</span> <span class='ocrx_word' id='word_1_76' title='bbox 154 1229 240 1289; x_wconf 88' lang='lat' dir='ltr'>Cum.</span> <span class='ocrx_word' id='word_1_77' title='bbox 255 1231 285 1289; x_wconf 87' lang='lat' dir='ltr'>S.</span> <span class='ocrx_word' id='word_1_78' title='bbox 311 1231 418 1291; x_wconf 85' lang='lat' dir='ltr'>Thom.</span> <span class='ocrx_word' id='word_1_79' title='bbox 443 1233 525 1293; x_wconf 82' lang='lat' dir='ltr'>illam</span> <span class='ocrx_word' id='word_1_80' title='bbox 548 1254 612 1293; x_wconf 86' lang='lat' dir='ltr'>esee</span> <span class='ocrx_word' id='word_1_81' title='bbox 635 1233 816 1312; x_wconf 85' lang='lat' dir='ltr'>quandoque</span> <span class='ocrx_word' id='word_1_82' title='bbox 840 1234 1004 1294; x_wconf 77' lang='lat' dir='ltr'>mortaliter</span> 
     </span>
     <span class='ocr_line' id='line_1_15' title="bbox 62 1309 1003 1391; baseline 0.007 -24"><span class='ocrx_word' id='word_1_83' title='bbox 62 1309 179 1380; x_wconf 86' lang='lat' dir='ltr'>malam,</span> <span class='ocrx_word' id='word_1_84' title='bbox 206 1311 385 1390; x_wconf 84' lang='lat' dir='ltr'>quandoque</span> <span class='ocrx_word' id='word_1_85' title='bbox 398 1313 561 1384; x_wconf 86' lang='lat' dir='ltr'>venialiter,</span> <span class='ocrx_word' id='word_1_86' title='bbox 587 1326 617 1373; x_wconf 92' lang='lat' dir='ltr'>et</span> <span class='ocrx_word' id='word_1_87' title='bbox 630 1315 790 1391; x_wconf 89' lang='lat' dir='ltr'>aliquando</span> <span class='ocrx_word' id='word_1_88' title='bbox 804 1334 867 1372; x_wconf 80' lang='lat' dir='ltr'>esee</span> <span class='ocrx_word' id='word_1_89' title='bbox 884 1315 1003 1384; x_wconf 79' lang='lat' dir='ltr'>bonam3</span> 
     </span>
     <span class='ocr_line' id='line_1_16' title="bbox 60 1390 1004 1472; baseline 0.004 -24"><span class='ocrx_word' id='word_1_90' title='bbox 60 1390 229 1449; x_wconf 70' lang='lat' dir='ltr'>accendite</span> <span class='ocrx_word' id='word_1_91' title='bbox 244 1393 323 1469; x_wconf 74' lang='lat' dir='ltr'>quod</span> <span class='ocrx_word' id='word_1_92' title='bbox 336 1393 401 1469; x_wconf 80' lang='lat' dir='ltr'>ipsa</span> <span class='ocrx_word' id='word_1_93' title='bbox 410 1393 540 1472; x_wconf 74' lang='lat' dir='ltr'>cognitio</span> <span class='ocrx_word' id='word_1_94' title='bbox 552 1396 597 1452; x_wconf 90' lang='lat' dir='ltr'>rei</span> <span class='ocrx_word' id='word_1_95' title='bbox 611 1395 695 1453; x_wconf 83' lang='lat' dir='ltr'>malae</span> <span class='ocrx_word' id='word_1_96' title='bbox 706 1405 751 1453; x_wconf 86' lang='lat' dir='ltr'>eet</span> <span class='ocrx_word' id='word_1_97' title='bbox 763 1397 841 1453; x_wconf 87' lang='lat' dir='ltr'>bona</span> <span class='ocrx_word' id='word_1_98' title='bbox 855 1395 902 1453; x_wconf 90' lang='lat' dir='ltr'>vel</span> <span class='ocrx_word' id='word_1_99' title='bbox 917 1393 1004 1453; x_wconf 62' lang='lat' dir='ltr'>malet</span> 
     </span>
    </p>

    <p class='ocr_par' dir='ltr' id='par_1_8' title="bbox 58 1471 1005 2175">
     <span class='ocr_line' id='line_1_17' title="bbox 101 1471 1005 1553; baseline 0.004 -22"><span class='ocrx_word' id='word_1_100' title='bbox 101 1471 147 1531; x_wconf 86' lang='lat' dir='ltr'>ll.</span> <span class='ocrx_word' id='word_1_101' title='bbox 158 1472 242 1531; x_wconf 88' lang='lat' dir='ltr'>Hinc</span> <span class='ocrx_word' id='word_1_102' title='bbox 253 1493 281 1530; x_wconf 83' lang='lat' dir='ltr'>r.</span> <span class='ocrx_word' id='word_1_103' title='bbox 296 1493 325 1550; x_wconf 79' lang='lat' dir='ltr'>g</span> <span class='ocrx_word' id='word_1_104' title='bbox 337 1473 363 1531; x_wconf 84' lang='lat' dir='ltr'>ei</span> <span class='ocrx_word' id='word_1_105' title='bbox 373 1474 513 1551; x_wconf 79' lang='lat' dir='ltr'>cogitatio</span> <span class='ocrx_word' id='word_1_106' title='bbox 524 1476 572 1534; x_wconf 83' lang='lat' dir='ltr'>vel</span> <span class='ocrx_word' id='word_1_107' title='bbox 585 1475 717 1552; x_wconf 79' lang='lat' dir='ltr'>cognitio</span> <span class='ocrx_word' id='word_1_108' title='bbox 730 1474 769 1535; x_wconf 84' lang='lat' dir='ltr'>eit</span> <span class='ocrx_word' id='word_1_109' title='bbox 781 1473 913 1552; x_wconf 84' lang='lat' dir='ltr'>graviter</span> <span class='ocrx_word' id='word_1_110' title='bbox 926 1475 1005 1553; x_wconf 71' lang='lat' dir='ltr'>inju-</span> 
     </span>
     <span class='ocr_line' id='line_1_18' title="bbox 61 1552 1003 1634; baseline 0 -21"><span class='ocrx_word' id='word_1_111' title='bbox 61 1552 138 1613; x_wconf 65' lang='lat' dir='ltr'>riom</span> <span class='ocrx_word' id='word_1_112' title='bbox 150 1553 298 1628; x_wconf 73' lang='lat' dir='ltr'>proximo,</span> <span class='ocrx_word' id='word_1_113' title='bbox 308 1563 344 1611; x_wconf 90' lang='lat' dir='ltr'>ut</span> <span class='ocrx_word' id='word_1_114' title='bbox 356 1553 459 1632; x_wconf 78' lang='lat' dir='ltr'>siquis</span> <span class='ocrx_word' id='word_1_115' title='bbox 472 1574 541 1613; x_wconf 86' lang='lat' dir='ltr'>cnm</span> <span class='ocrx_word' id='word_1_116' title='bbox 548 1555 664 1634; x_wconf 86' lang='lat' dir='ltr'>judicio</span> <span class='ocrx_word' id='word_1_117' title='bbox 672 1567 725 1615; x_wconf 85' lang='lat' dir='ltr'>aut</span> <span class='ocrx_word' id='word_1_118' title='bbox 734 1555 901 1633; x_wconf 73' lang='lat' dir='ltr'>strepitionc</span> <span class='ocrx_word' id='word_1_119' title='bbox 910 1565 1003 1615; x_wconf 82' lang='lat' dir='ltr'>teme·</span> 
     </span>
     <span class='ocr_line' id='line_1_19' title="bbox 58 1632 1002 1714; baseline 0.005 -24"><span class='ocrx_word' id='word_1_120' title='bbox 58 1632 133 1691; x_wconf 84' lang='lat' dir='ltr'>roria</span> <span class='ocrx_word' id='word_1_121' title='bbox 145 1632 259 1709; x_wconf 86' lang='lat' dir='ltr'>cogitet</span> <span class='ocrx_word' id='word_1_122' title='bbox 269 1633 307 1691; x_wconf 88' lang='lat' dir='ltr'>de</span> <span class='ocrx_word' id='word_1_123' title='bbox 321 1634 387 1693; x_wconf 86' lang='lat' dir='ltr'>viro</span> <span class='ocrx_word' id='word_1_124' title='bbox 398 1634 533 1702; x_wconf 79' lang='lat' dir='ltr'>honesto,</span> <span class='ocrx_word' id='word_1_125' title='bbox 541 1637 626 1714; x_wconf 83' lang='lat' dir='ltr'>quod</span> <span class='ocrx_word' id='word_1_126' title='bbox 636 1636 674 1695; x_wconf 89' lang='lat' dir='ltr'>sit</span> <span class='ocrx_word' id='word_1_127' title='bbox 687 1637 815 1695; x_wconf 83' lang='lat' dir='ltr'>adulter:</span> <span class='ocrx_word' id='word_1_128' title='bbox 839 1635 888 1695; x_wconf 90' lang='lat' dir='ltr'>vel</span> <span class='ocrx_word' id='word_1_129' title='bbox 901 1656 938 1695; x_wconf 78' lang='lat' dir='ltr'>ex</span> <span class='ocrx_word' id='word_1_130' title='bbox 948 1635 1002 1695; x_wconf 79' lang='lat' dir='ltr'>de·</span> 
     </span>
     <span class='ocr_line' id='line_1_20' title="bbox 59 1711 1001 1795; baseline 0.002 -22"><span class='ocrx_word' id='word_1_131' title='bbox 59 1711 201 1775; x_wconf 67' lang='lat' dir='ltr'>unedone</span> <span class='ocrx_word' id='word_1_132' title='bbox 214 1726 372 1790; x_wconf 80' lang='lat' dir='ltr'>cognoscat</span> <span class='ocrx_word' id='word_1_133' title='bbox 385 1715 537 1775; x_wconf 85' lang='lat' dir='ltr'>defectum</span> <span class='ocrx_word' id='word_1_134' title='bbox 546 1717 672 1795; x_wconf 86' lang='lat' dir='ltr'>alicujus</span> <span class='ocrx_word' id='word_1_135' title='bbox 682 1719 814 1794; x_wconf 78' lang='lat' dir='ltr'>graviter</span> <span class='ocrx_word' id='word_1_136' title='bbox 827 1717 1001 1793; x_wconf 79' lang='lat' dir='ltr'>proboeum,</span> 
     </span>
     <span class='ocr_line' id='line_1_21' title="bbox 63 1792 1001 1874; baseline 0.003 -21"><span class='ocrx_word' id='word_1_137' title='bbox 63 1792 220 1853; x_wconf 76' lang='lat' dir='ltr'>delectatio</span> <span class='ocrx_word' id='word_1_138' title='bbox 231 1794 271 1853; x_wconf 87' lang='lat' dir='ltr'>de</span> <span class='ocrx_word' id='word_1_139' title='bbox 279 1793 332 1853; x_wconf 80' lang='lat' dir='ltr'>tali</span> <span class='ocrx_word' id='word_1_140' title='bbox 345 1797 522 1872; x_wconf 85' lang='lat' dir='ltr'>cogitatione</span> <span class='ocrx_word' id='word_1_141' title='bbox 538 1798 585 1856; x_wconf 92' lang='lat' dir='ltr'>vel</span> <span class='ocrx_word' id='word_1_142' title='bbox 597 1798 768 1874; x_wconf 86' lang='lat' dir='ltr'>cognitione</span> <span class='ocrx_word' id='word_1_143' title='bbox 781 1807 826 1855; x_wconf 79' lang='lat' dir='ltr'>eet</span> <span class='ocrx_word' id='word_1_144' title='bbox 836 1797 1001 1857; x_wconf 70' lang='lat' dir='ltr'>mortaliter</span> 
     </span>
     <span class='ocr_line' id='line_1_22' title="bbox 61 1873 1003 1954; baseline 0.004 -22"><span class='ocrx_word' id='word_1_145' title='bbox 61 1874 151 1933; x_wconf 72' lang='lat' dir='ltr'>ualet</span> <span class='ocrx_word' id='word_1_146' title='bbox 172 1875 243 1952; x_wconf 85' lang='lat' dir='ltr'>quia</span> <span class='ocrx_word' id='word_1_147' title='bbox 257 1873 326 1935; x_wconf 80' lang='lat' dir='ltr'>licit</span> <span class='ocrx_word' id='word_1_148' title='bbox 338 1876 406 1935; x_wconf 85' lang='lat' dir='ltr'>talis</span> <span class='ocrx_word' id='word_1_149' title='bbox 419 1897 480 1936; x_wconf 87' lang='lat' dir='ltr'>nou</span> <span class='ocrx_word' id='word_1_150' title='bbox 494 1876 659 1937; x_wconf 85' lang='lat' dir='ltr'>delectetur</span> <span class='ocrx_word' id='word_1_151' title='bbox 673 1878 712 1936; x_wconf 90' lang='lat' dir='ltr'>de</span> <span class='ocrx_word' id='word_1_152' title='bbox 725 1897 756 1937; x_wconf 87' lang='lat' dir='ltr'>re</span> <span class='ocrx_word' id='word_1_153' title='bbox 770 1877 844 1953; x_wconf 78' lang='lat' dir='ltr'>ipen,</span> <span class='ocrx_word' id='word_1_154' title='bbox 872 1896 900 1933; x_wconf 90' lang='lat' dir='ltr'>v.</span> <span class='ocrx_word' id='word_1_155' title='bbox 916 1898 948 1954; x_wconf 87' lang='lat' dir='ltr'>g.</span> <span class='ocrx_word' id='word_1_156' title='bbox 961 1877 1003 1936; x_wconf 88' lang='lat' dir='ltr'>de</span> 
     </span>
     <span class='ocr_line' id='line_1_23' title="bbox 62 1954 1004 2034; baseline 0.002 -21"><span class='ocrx_word' id='word_1_157' title='bbox 62 1954 212 2024; x_wconf 84' lang='lat' dir='ltr'>adulterio,</span> <span class='ocrx_word' id='word_1_158' title='bbox 228 1955 392 2015; x_wconf 83' lang='lat' dir='ltr'>delectatur</span> <span class='ocrx_word' id='word_1_159' title='bbox 410 1967 508 2017; x_wconf 78' lang='lat' dir='ltr'>tamen</span> <span class='ocrx_word' id='word_1_160' title='bbox 529 1959 567 2017; x_wconf 89' lang='lat' dir='ltr'>de</span> <span class='ocrx_word' id='word_1_161' title='bbox 581 1959 750 2034; x_wconf 83' lang='lat' dir='ltr'>cognitione</span> <span class='ocrx_word' id='word_1_162' title='bbox 763 1956 810 2014; x_wconf 84' lang='lat' dir='ltr'>vel</span> <span class='ocrx_word' id='word_1_163' title='bbox 821 1958 1004 2034; x_wconf 77' lang='lat' dir='ltr'>cogitatione</span> 
     </span>
     <span class='ocr_line' id='line_1_24' title="bbox 62 2030 1001 2115; baseline 0.001 -20"><span class='ocrx_word' id='word_1_164' title='bbox 62 2035 218 2095; x_wconf 74' lang='lat' dir='ltr'>mortaliter</span> <span class='ocrx_word' id='word_1_165' title='bbox 228 2035 316 2106; x_wconf 80' lang='lat' dir='ltr'>mola,</span> <span class='ocrx_word' id='word_1_166' title='bbox 331 2037 394 2096; x_wconf 82' lang='lat' dir='ltr'>eive</span> <span class='ocrx_word' id='word_1_167' title='bbox 403 2037 554 2115; x_wconf 75' lang='lat' dir='ltr'>objectum</span> <span class='ocrx_word' id='word_1_168' title='bbox 563 2037 644 2096; x_wconf 82' lang='lat' dir='ltr'>illiue</span> <span class='ocrx_word' id='word_1_169' title='bbox 651 2030 858 2097; x_wconf 77' lang='lat' dir='ltr'>delectationis</span> <span class='ocrx_word' id='word_1_170' title='bbox 866 2047 911 2096; x_wconf 85' lang='lat' dir='ltr'>eet</span> <span class='ocrx_word' id='word_1_171' title='bbox 920 2056 1001 2096; x_wconf 82' lang='lat' dir='ltr'>mor·</span> 
     </span>
     <span class='ocr_line' id='line_1_25' title="bbox 63 2114 279 2175; baseline 0.005 -3"><span class='ocrx_word' id='word_1_172' title='bbox 63 2114 151 2174; x_wconf 83' lang='lat' dir='ltr'>taliter</span> <span class='ocrx_word' id='word_1_173' title='bbox 162 2116 279 2175; x_wconf 81' lang='lat' dir='ltr'>malum.</span> 
     </span>
    </p>

    <p class='ocr_par' dir='ltr' id='par_1_9' title="bbox 63 2195 1003 2501">
     <span class='ocr_line' id='line_1_26' title="bbox 96 2195 999 2275; baseline 0.002 -20"><span class='ocrx_word' id='word_1_174' title='bbox 96 2197 159 2255; x_wconf 86' lang='lat' dir='ltr'>Ill.</span> <span class='ocrx_word' id='word_1_175' title='bbox 170 2197 206 2256; x_wconf 85' lang='lat' dir='ltr'>Si</span> <span class='ocrx_word' id='word_1_176' title='bbox 217 2195 359 2274; x_wconf 82' lang='lat' dir='ltr'>cogitatio</span> <span class='ocrx_word' id='word_1_177' title='bbox 371 2198 418 2256; x_wconf 91' lang='lat' dir='ltr'>vel</span> <span class='ocrx_word' id='word_1_178' title='bbox 428 2199 560 2275; x_wconf 88' lang='lat' dir='ltr'>cognitio</span> <span class='ocrx_word' id='word_1_179' title='bbox 573 2200 611 2257; x_wconf 88' lang='lat' dir='ltr'>sit</span> <span class='ocrx_word' id='word_1_180' title='bbox 620 2201 733 2257; x_wconf 75' lang='lat' dir='ltr'>tantini</span> <span class='ocrx_word' id='word_1_181' title='bbox 746 2197 898 2257; x_wconf 84' lang='lat' dir='ltr'>venialiter</span> <span class='ocrx_word' id='word_1_182' title='bbox 912 2198 999 2268; x_wconf 83' lang='lat' dir='ltr'>mala,</span> 
     </span>
     <span class='ocr_line' id='line_1_27' title="bbox 64 2276 1003 2356; baseline 0.002 -20"><span class='ocrx_word' id='word_1_183' title='bbox 64 2276 130 2350; x_wconf 68' lang='lat' dir='ltr'>peti</span> <span class='ocrx_word' id='word_1_184' title='bbox 142 2278 244 2346; x_wconf 72' lang='lat' dir='ltr'>otiooa,</span> <span class='ocrx_word' id='word_1_185' title='bbox 256 2279 330 2354; x_wconf 76' lang='lat' dir='ltr'>puri</span> <span class='ocrx_word' id='word_1_186' title='bbox 349 2279 476 2346; x_wconf 81' lang='lat' dir='ltr'>curiose,</span> <span class='ocrx_word' id='word_1_187' title='bbox 491 2290 542 2337; x_wconf 86' lang='lat' dir='ltr'>aut</span> <span class='ocrx_word' id='word_1_188' title='bbox 555 2280 661 2338; x_wconf 89' lang='lat' dir='ltr'>leviter</span> <span class='ocrx_word' id='word_1_189' title='bbox 674 2278 827 2356; x_wconf 71' lang='lat' dir='ltr'>injuriosa,</span> <span class='ocrx_word' id='word_1_190' title='bbox 841 2277 1003 2338; x_wconf 81' lang='lat' dir='ltr'>delectatio</span> 
     </span>
     <span class='ocr_line' id='line_1_28' title="bbox 64 2353 1003 2437; baseline 0.003 -22"><span class='ocrx_word' id='word_1_191' title='bbox 64 2353 93 2417; x_wconf 77' lang='lat' dir='ltr'>ia</span> <span class='ocrx_word' id='word_1_192' title='bbox 105 2377 142 2416; x_wconf 80' lang='lat' dir='ltr'>ea</span> <span class='ocrx_word' id='word_1_193' title='bbox 153 2359 212 2416; x_wconf 77' lang='lat' dir='ltr'>erit</span> <span class='ocrx_word' id='word_1_194' title='bbox 224 2358 312 2417; x_wconf 85' lang='lat' dir='ltr'>etiam</span> <span class='ocrx_word' id='word_1_195' title='bbox 325 2363 443 2419; x_wconf 81' lang='lat' dir='ltr'>tantdrn</span> <span class='ocrx_word' id='word_1_196' title='bbox 455 2359 587 2430; x_wconf 80' lang='lat' dir='ltr'>venialia,</span> <span class='ocrx_word' id='word_1_197' title='bbox 610 2358 888 2437; x_wconf 76' lang='lat' dir='ltr'>utpotedeobJecto</span> <span class='ocrx_word' id='word_1_198' title='bbox 898 2359 1003 2418; x_wconf 80' lang='lat' dir='ltr'>venia-</span> 
     </span>
     <span class='ocr_line' id='line_1_29' title="bbox 63 2430 546 2501; baseline -0.004 -4"><span class='ocrx_word' id='word_1_199' title='bbox 63 2430 121 2497; x_wconf 80' lang='lat' dir='ltr'>lter</span> <span class='ocrx_word' id='word_1_200' title='bbox 133 2440 251 2497; x_wconf 81' lang='lat' dir='ltr'>tantitm</span> <span class='ocrx_word' id='word_1_201' title='bbox 261 2439 348 2497; x_wconf 79' lang='lat' dir='ltr'>melo</span> <span class='ocrx_word' id='word_1_202' title='bbox 542 2496 546 2501; x_wconf 79' lang='grc'><strong>,</strong></span> 
     </span>
    </p>

    <p class='ocr_par' dir='ltr' id='par_1_10' title="bbox 53 2517 1076 2980">
     <span class='ocr_line' id='line_1_30' title="bbox 68 2517 1001 2599; baseline 0.001 -24"><span class='ocrx_word' id='word_1_203' title='bbox 68 2560 71 2567; x_wconf 84' lang='grc'>-</span> <span class='ocrx_word' id='word_1_204' title='bbox 94 2517 147 2578; x_wconf 90' lang='lat' dir='ltr'>IV.</span> <span class='ocrx_word' id='word_1_205' title='bbox 158 2519 299 2578; x_wconf 86' lang='lat' dir='ltr'>Siautem</span> <span class='ocrx_word' id='word_1_206' title='bbox 311 2519 450 2596; x_wconf 83' lang='lat' dir='ltr'>cogitatio</span> <span class='ocrx_word' id='word_1_207' title='bbox 464 2531 517 2579; x_wconf 84' lang='lat' dir='ltr'>aut</span> <span class='ocrx_word' id='word_1_208' title='bbox 529 2520 661 2599; x_wconf 77' lang='lat' dir='ltr'>cognitio</span> <span class='ocrx_word' id='word_1_209' title='bbox 675 2520 716 2578; x_wconf 86' lang='lat' dir='ltr'>sit</span> <span class='ocrx_word' id='word_1_210' title='bbox 726 2521 815 2589; x_wconf 80' lang='lat' dir='ltr'>bona,</span> <span class='ocrx_word' id='word_1_211' title='bbox 836 2517 1001 2578; x_wconf 84' lang='lat' dir='ltr'>delectatio</span> 
     </span>
     <span class='ocr_line' id='line_1_31' title="bbox 61 2594 1000 2678; baseline 0.002 -21"><span class='ocrx_word' id='word_1_212' title='bbox 61 2594 139 2659; x_wconf 76' lang='lat' dir='ltr'>tleea</span> <span class='ocrx_word' id='word_1_213' title='bbox 157 2600 248 2658; x_wconf 86' lang='lat' dir='ltr'>etiam</span> <span class='ocrx_word' id='word_1_214' title='bbox 261 2601 372 2677; x_wconf 85' lang='lat' dir='ltr'>poterit</span> <span class='ocrx_word' id='word_1_215' title='bbox 381 2621 445 2659; x_wconf 89' lang='lat' dir='ltr'>esse</span> <span class='ocrx_word' id='word_1_216' title='bbox 465 2602 557 2672; x_wconf 82' lang='lat' dir='ltr'>bone3</span> <span class='ocrx_word' id='word_1_217' title='bbox 585 2600 626 2658; x_wconf 88' lang='lat' dir='ltr'>ita</span> <span class='ocrx_word' id='word_1_218' title='bbox 641 2599 776 2678; x_wconf 78' lang='lat' dir='ltr'>euperior</span> <span class='ocrx_word' id='word_1_219' title='bbox 799 2603 878 2658; x_wconf 79' lang='lat' dir='ltr'>recti</span> <span class='ocrx_word' id='word_1_220' title='bbox 898 2609 1000 2674; x_wconf 73' lang='lat' dir='ltr'>potest</span> 
     </span>
     <span class='ocr_line' id='line_1_32' title="bbox 59 2674 1000 2758; baseline 0.002 -24"><span class='ocrx_word' id='word_1_221' title='bbox 59 2674 240 2738; x_wconf 87' lang='lat' dir='ltr'>delectaride</span> <span class='ocrx_word' id='word_1_222' title='bbox 250 2701 294 2749; x_wconf 92' lang='lat' dir='ltr'>eo,</span> <span class='ocrx_word' id='word_1_223' title='bbox 306 2681 386 2757; x_wconf 81' lang='lat' dir='ltr'>quod</span> <span class='ocrx_word' id='word_1_224' title='bbox 398 2694 555 2757; x_wconf 87' lang='lat' dir='ltr'>cognoscat</span> <span class='ocrx_word' id='word_1_225' title='bbox 565 2681 708 2758; x_wconf 88' lang='lat' dir='ltr'>quosdam</span> <span class='ocrx_word' id='word_1_226' title='bbox 720 2679 854 2739; x_wconf 81' lang='lat' dir='ltr'>defectus</span> <span class='ocrx_word' id='word_1_227' title='bbox 862 2677 1000 2738; x_wconf 72' lang='lat' dir='ltr'>subdito-</span> 
     </span>
     <span class='ocr_line' id='line_1_33' title="bbox 56 2759 998 2838; baseline 0 -21"><span class='ocrx_word' id='word_1_228' title='bbox 56 2773 129 2830; x_wconf 75' lang='lat' dir='ltr'>rum,</span> <span class='ocrx_word' id='word_1_229' title='bbox 138 2760 225 2819; x_wconf 80' lang='lat' dir='ltr'>uteie</span> <span class='ocrx_word' id='word_1_230' title='bbox 239 2781 289 2818; x_wconf 84' lang='lat' dir='ltr'>eos</span> <span class='ocrx_word' id='word_1_231' title='bbox 301 2761 449 2838; x_wconf 84' lang='lat' dir='ltr'>corrigere</span> <span class='ocrx_word' id='word_1_232' title='bbox 461 2761 562 2838; x_wconf 84' lang='lat' dir='ltr'>possit.</span> <span class='ocrx_word' id='word_1_233' title='bbox 595 2761 681 2819; x_wconf 84' lang='lat' dir='ltr'>Ratio</span> <span class='ocrx_word' id='word_1_234' title='bbox 692 2772 746 2827; x_wconf 79' lang='lat' dir='ltr'>est,</span> <span class='ocrx_word' id='word_1_235' title='bbox 762 2759 843 2837; x_wconf 81' lang='lat' dir='ltr'>qudd</span> <span class='ocrx_word' id='word_1_236' title='bbox 856 2761 914 2819; x_wconf 81' lang='lat' dir='ltr'>iate</span> <span class='ocrx_word' id='word_1_237' title='bbox 926 2778 998 2837; x_wconf 89' lang='lat' dir='ltr'>cog-</span> 
     </span>
     <span class='ocr_line' id='line_1_34' title="bbox 53 2838 1076 2919; baseline 0.001 -22"><span class='ocrx_word' id='word_1_238' title='bbox 53 2839 128 2899; x_wconf 80' lang='lat' dir='ltr'>uitio</span> <span class='ocrx_word' id='word_1_239' title='bbox 139 2853 280 2916; x_wconf 71' lang='lat' dir='ltr'>respecto</span> <span class='ocrx_word' id='word_1_240' title='bbox 293 2841 453 2918; x_wconf 74' lang='lat' dir='ltr'>superioris</span> <span class='ocrx_word' id='word_1_241' title='bbox 473 2841 510 2899; x_wconf 84' lang='lat' dir='ltr'>sit</span> <span class='ocrx_word' id='word_1_242' title='bbox 524 2844 611 2910; x_wconf 87' lang='lat' dir='ltr'>bona,</span> <span class='ocrx_word' id='word_1_243' title='bbox 635 2841 769 2918; x_wconf 81' lang='lat' dir='ltr'>adeoque</span> <span class='ocrx_word' id='word_1_244' title='bbox 780 2838 998 2919; x_wconf 71' lang='lat' dir='ltr'>objectum&#39;de·</span> <span class='ocrx_word' id='word_1_245' title='bbox 1071 2881 1076 2889; x_wconf 84' lang='lat'>-</span> 
     </span>
     <span class='ocr_line' id='line_1_35' title="bbox 53 2911 396 2980; baseline -0.003 0"><span class='ocrx_word' id='word_1_246' title='bbox 53 2911 218 2980; x_wconf 78' lang='lat' dir='ltr'>lectationis</span> <span class='ocrx_word' id='word_1_247' title='bbox 229 2921 268 2979; x_wconf 83' lang='lat' dir='ltr'>eit</span> <span class='ocrx_word' id='word_1_248' title='bbox 275 2923 396 2979; x_wconf 71' lang='lat' dir='ltr'>bonurnt</span> 
     </span>
    </p>

    <p class='ocr_par' dir='ltr' id='par_1_11' title="bbox 53 2999 999 3479">
     <span class='ocr_line' id='line_1_36' title="bbox 88 2999 999 3079; baseline -0.001 -20"><span class='ocrx_word' id='word_1_249' title='bbox 88 3002 200 3079; x_wconf 85' lang='lat' dir='ltr'>Neque</span> <span class='ocrx_word' id='word_1_250' title='bbox 214 3001 321 3070; x_wconf 85' lang='lat' dir='ltr'>obstet,</span> <span class='ocrx_word' id='word_1_251' title='bbox 333 3002 412 3077; x_wconf 76' lang='lat' dir='ltr'>quod</span> <span class='ocrx_word' id='word_1_252' title='bbox 427 3001 477 3060; x_wconf 82' lang='lat' dir='ltr'>isti</span> <span class='ocrx_word' id='word_1_253' title='bbox 489 3001 624 3061; x_wconf 78' lang='lat' dir='ltr'>defectus</span> <span class='ocrx_word' id='word_1_254' title='bbox 637 3003 697 3061; x_wconf 83' lang='lat' dir='ltr'>sint</span> <span class='ocrx_word' id='word_1_255' title='bbox 709 3001 780 3060; x_wconf 87' lang='lat' dir='ltr'>mali</span> <span class='ocrx_word' id='word_1_256' title='bbox 794 3025 801 3062; x_wconf 74' lang='grc' dir='ltr'><strong>ι</strong></span> <span class='ocrx_word' id='word_1_257' title='bbox 828 3002 897 3079; x_wconf 88' lang='lat' dir='ltr'>qnia</span> <span class='ocrx_word' id='word_1_258' title='bbox 912 2999 999 3077; x_wconf 86' lang='lat' dir='ltr'>equi·</span> 
     </span>
     <span class='ocr_line' id='line_1_37' title="bbox 53 3077 999 3159; baseline 0 -20"><span class='ocrx_word' id='word_1_259' title='bbox 53 3077 119 3139; x_wconf 79' lang='lat' dir='ltr'>dem</span> <span class='ocrx_word' id='word_1_260' title='bbox 128 3083 260 3159; x_wconf 86' lang='lat' dir='ltr'>cogitare</span> <span class='ocrx_word' id='word_1_261' title='bbox 274 3083 319 3141; x_wconf 89' lang='lat' dir='ltr'>vel</span> <span class='ocrx_word' id='word_1_262' title='bbox 336 3101 515 3159; x_wconf 70' lang='lat' dir='ltr'>cognoscere</span> <span class='ocrx_word' id='word_1_263' title='bbox 529 3083 648 3152; x_wconf 84' lang='lat' dir='ltr'>malum,</span> <span class='ocrx_word' id='word_1_264' title='bbox 664 3081 828 3143; x_wconf 77' lang='lat' dir='ltr'>secundum</span> <span class='ocrx_word' id='word_1_265' title='bbox 843 3102 874 3141; x_wconf 80' lang='lat' dir='ltr'>se</span> <span class='ocrx_word' id='word_1_266' title='bbox 884 3080 999 3139; x_wconf 80' lang='lat' dir='ltr'>malurn</span> 
     </span>
     <span class='ocr_line' id='line_1_38' title="bbox 53 3159 995 3240; baseline -0.002 -22"><span class='ocrx_word' id='word_1_267' title='bbox 53 3180 109 3221; x_wconf 79' lang='lat' dir='ltr'>uon</span> <span class='ocrx_word' id='word_1_268' title='bbox 124 3175 190 3232; x_wconf 81' lang='lat' dir='ltr'>est,·</span> <span class='ocrx_word' id='word_1_269' title='bbox 205 3161 271 3221; x_wconf 75' lang='lat' dir='ltr'>cirin</span> <span class='ocrx_word' id='word_1_270' title='bbox 281 3163 422 3239; x_wconf 82' lang='lat' dir='ltr'>cogitatio</span> <span class='ocrx_word' id='word_1_271' title='bbox 437 3162 484 3222; x_wconf 89' lang='lat' dir='ltr'>vel</span> <span class='ocrx_word' id='word_1_272' title='bbox 498 3165 629 3240; x_wconf 88' lang='lat' dir='ltr'>cognitio</span> <span class='ocrx_word' id='word_1_273' title='bbox 642 3184 703 3222; x_wconf 92' lang='lat' dir='ltr'>non</span> <span class='ocrx_word' id='word_1_274' title='bbox 715 3164 828 3222; x_wconf 85' lang='lat' dir='ltr'>feratur</span> <span class='ocrx_word' id='word_1_275' title='bbox 842 3163 874 3219; x_wconf 92' lang='lat' dir='ltr'>in</span> <span class='ocrx_word' id='word_1_276' title='bbox 883 3159 995 3218; x_wconf 87' lang='lat' dir='ltr'>malum</span> 
     </span>
     <span class='ocr_line' id='line_1_39' title="bbox 53 3240 992 3312; baseline -0.001 -14"><span class='ocrx_word' id='word_1_277' title='bbox 53 3243 104 3299; x_wconf 74' lang='lat' dir='ltr'>iub</span> <span class='ocrx_word' id='word_1_278' title='bbox 113 3242 232 3301; x_wconf 83' lang='lat' dir='ltr'>ratione</span> <span class='ocrx_word' id='word_1_279' title='bbox 240 3243 319 3312; x_wconf 86' lang='lat' dir='ltr'>mali,</span> <span class='ocrx_word' id='word_1_280' title='bbox 332 3243 384 3301; x_wconf 86' lang='lat' dir='ltr'>sed</span> <span class='ocrx_word' id='word_1_281' title='bbox 395 3243 573 3302; x_wconf 79' lang='lat' dir='ltr'>sub-ratione</span> <span class='ocrx_word' id='word_1_282' title='bbox 582 3244 702 3302; x_wconf 78' lang='lat' dir='ltr'>variant</span> <span class='ocrx_word' id='word_1_283' title='bbox 712 3242 797 3302; x_wconf 84' lang='lat' dir='ltr'>falsi:</span> <span class='ocrx_word' id='word_1_284' title='bbox 812 3241 883 3299; x_wconf 90' lang='lat' dir='ltr'>hinc</span> <span class='ocrx_word' id='word_1_285' title='bbox 898 3240 992 3309; x_wconf 75' lang='lat' dir='ltr'>Deus,</span> 
     </span>
     <span class='ocr_line' id='line_1_40' title="bbox 53 3320 996 3402; baseline 0 -25"><span class='ocrx_word' id='word_1_286' title='bbox 53 3323 118 3380; x_wconf 41' lang='grc' dir='ltr'>ιίοέι</span> <span class='ocrx_word' id='word_1_287' title='bbox 146 3323 358 3401; x_wconf 84' lang='lat' dir='ltr'>impeccabilis,</span> <span class='ocrx_word' id='word_1_288' title='bbox 385 3323 598 3401; x_wconf 79' lang='lat' dir='ltr'>perfectissime</span> <span class='ocrx_word' id='word_1_289' title='bbox 621 3324 772 3402; x_wconf 85' lang='lat' dir='ltr'>cognoscit</span> <span class='ocrx_word' id='word_1_290' title='bbox 798 3321 897 3378; x_wconf 89' lang='lat' dir='ltr'>omnia</span> <span class='ocrx_word' id='word_1_291' title='bbox 913 3320 996 3378; x_wconf 78' lang='lat' dir='ltr'>mala</span> 
     </span>
     <span class='ocr_line' id='line_1_41' title="bbox 53 3402 333 3479; baseline 0.014 -20"><span class='ocrx_word' id='word_1_292' title='bbox 53 3402 138 3461; x_wconf 70' lang='lat' dir='ltr'>etiam</span> <span class='ocrx_word' id='word_1_293' title='bbox 152 3403 333 3479; x_wconf 86' lang='lat' dir='ltr'>turpissima.</span> 
     </span>
    </p>

    <p class='ocr_par' dir='ltr' id='par_1_12' title="bbox 53 3481 1049 3876">
     <span class='ocr_line' id='line_1_42' title="bbox 89 3481 997 3557; baseline -0.001 -18"><span class='ocrx_word' id='word_1_294' title='bbox 89 3484 126 3542; x_wconf 91' lang='lat' dir='ltr'>V.</span> <span class='ocrx_word' id='word_1_295' title='bbox 141 3483 255 3541; x_wconf 83' lang='lat' dir='ltr'>Eadem</span> <span class='ocrx_word' id='word_1_296' title='bbox 262 3495 309 3543; x_wconf 80' lang='lat' dir='ltr'>est</span> <span class='ocrx_word' id='word_1_297' title='bbox 318 3482 460 3543; x_wconf 75' lang='lat' dir='ltr'>reeolutio</span> <span class='ocrx_word' id='word_1_298' title='bbox 468 3485 505 3544; x_wconf 91' lang='lat' dir='ltr'>de</span> <span class='ocrx_word' id='word_1_299' title='bbox 516 3481 712 3543; x_wconf 83' lang='lat' dir='ltr'>delectatione</span> <span class='ocrx_word' id='word_1_300' title='bbox 726 3481 804 3557; x_wconf 87' lang='lat' dir='ltr'>circa</span> <span class='ocrx_word' id='word_1_301' title='bbox 813 3481 936 3540; x_wconf 86' lang='lat' dir='ltr'>modum</span> <span class='ocrx_word' id='word_1_302' title='bbox 949 3482 997 3539; x_wconf 80' lang='lat' dir='ltr'>rei</span> 
     </span>
     <span class='ocr_line' id='line_1_43' title="bbox 53 3559 999 3642; baseline -0.007 -17"><span class='ocrx_word' id='word_1_303' title='bbox 53 3562 148 3634; x_wconf 79' lang='lat' dir='ltr'>nale„</span> <span class='ocrx_word' id='word_1_304' title='bbox 159 3563 271 3623; x_wconf 80' lang='lat' dir='ltr'>scilicet</span> <span class='ocrx_word' id='word_1_305' title='bbox 285 3565 365 3642; x_wconf 80' lang='lat' dir='ltr'>quod</span> <span class='ocrx_word' id='word_1_306' title='bbox 377 3565 429 3623; x_wconf 86' lang='lat' dir='ltr'>illa</span> <span class='ocrx_word' id='word_1_307' title='bbox 439 3565 596 3624; x_wconf 87' lang='lat' dir='ltr'>delectatio</span> <span class='ocrx_word' id='word_1_308' title='bbox 616 3564 779 3640; x_wconf 73' lang='lat' dir='ltr'>aliquindo</span> <span class='ocrx_word' id='word_1_309' title='bbox 792 3562 830 3622; x_wconf 83' lang='lat' dir='ltr'>sit</span> <span class='ocrx_word' id='word_1_310' title='bbox 850 3561 929 3620; x_wconf 85' lang='lat' dir='ltr'>mala</span> <span class='ocrx_word' id='word_1_311' title='bbox 941 3559 999 3619; x_wconf 60' lang='lat' dir='ltr'>alia·</span> 
     </span>
     <span class='ocr_line' id='line_1_44' title="bbox 53 3640 1004 3723; baseline -0.005 -21"><span class='ocrx_word' id='word_1_312' title='bbox 53 3645 169 3720; x_wconf 68' lang='lat' dir='ltr'>quando</span> <span class='ocrx_word' id='word_1_313' title='bbox 183 3664 253 3714; x_wconf 92' lang='lat' dir='ltr'>non,</span> <span class='ocrx_word' id='word_1_314' title='bbox 267 3657 358 3723; x_wconf 91' lang='lat' dir='ltr'>prout</span> <span class='ocrx_word' id='word_1_315' title='bbox 371 3645 476 3704; x_wconf 85' lang='lat' dir='ltr'>modus</span> <span class='ocrx_word' id='word_1_316' title='bbox 489 3644 539 3704; x_wconf 88' lang='lat' dir='ltr'>ille</span> <span class='ocrx_word' id='word_1_317' title='bbox 553 3645 718 3702; x_wconf 79' lang='lat' dir='ltr'>secunddm</span> <span class='ocrx_word' id='word_1_318' title='bbox 731 3665 762 3703; x_wconf 86' lang='lat' dir='ltr'>ee</span> <span class='ocrx_word' id='word_1_319' title='bbox 775 3642 873 3703; x_wconf 79' lang='lat' dir='ltr'>malus</span> <span class='ocrx_word' id='word_1_320' title='bbox 888 3652 937 3701; x_wconf 76' lang='lat' dir='ltr'>eet</span> <span class='ocrx_word' id='word_1_321' title='bbox 946 3640 1004 3698; x_wconf 70' lang='lat' dir='ltr'>vet</span> 
     </span>
     <span class='ocr_line' id='line_1_45' title="bbox 53 3725 1016 3806; baseline -0.003 -25"><span class='ocrx_word' id='word_1_322' title='bbox 53 3744 125 3782; x_wconf 76' lang='lat' dir='ltr'>ron.-</span> <span class='ocrx_word' id='word_1_323' title='bbox 146 3725 195 3781; x_wconf 78' lang='lat' dir='ltr'>eic&#39;</span> <span class='ocrx_word' id='word_1_324' title='bbox 211 3744 236 3780; x_wconf 81' lang='lat' dir='ltr'>v.</span> <span class='ocrx_word' id='word_1_325' title='bbox 254 3745 286 3801; x_wconf 86' lang='lat' dir='ltr'>g.</span> <span class='ocrx_word' id='word_1_326' title='bbox 304 3726 410 3785; x_wconf 82' lang='lat' dir='ltr'>modus</span> <span class='ocrx_word' id='word_1_327' title='bbox 424 3725 456 3787; x_wconf 86' lang='lat' dir='ltr'>in</span> <span class='ocrx_word' id='word_1_328' title='bbox 473 3726 606 3806; x_wconf 84' lang='lat' dir='ltr'>peccatis</span> <span class='ocrx_word' id='word_1_329' title='bbox 620 3736 729 3788; x_wconf 79' lang='lat' dir='ltr'>centia</span> <span class='ocrx_word' id='word_1_330' title='bbox 740 3737 883 3787; x_wconf 79' lang='lat' dir='ltr'>naturam</span> <span class='ocrx_word' id='word_1_331' title='bbox 904 3738 1016 3781; x_wconf 67' lang='lat' dir='ltr'>secun-</span> 
     </span>
     <span class='ocr_line' id='line_1_46' title="bbox 53 3795 1049 3876; baseline 0.014 -21"><span class='ocrx_word' id='word_1_332' title='bbox 53 3800 103 3855; x_wconf 79' lang='lat' dir='ltr'>&#39;om</span> <span class='ocrx_word' id='word_1_333' title='bbox 114 3820 151 3857; x_wconf 76' lang='lat' dir='ltr'>ee</span> <span class='ocrx_word' id='word_1_334' title='bbox 162 3812 209 3859; x_wconf 78' lang='lat' dir='ltr'>eet</span> <span class='ocrx_word' id='word_1_335' title='bbox 220 3805 327 3876; x_wconf 80' lang='lat' dir='ltr'>malus,</span> <span class='ocrx_word' id='word_1_336' title='bbox 344 3806 457 3869; x_wconf 87' lang='lat' dir='ltr'>etideo</span> <span class='ocrx_word' id='word_1_337' title='bbox 470 3810 640 3873; x_wconf 88' lang='lat' dir='ltr'>delectatio</span> <span class='ocrx_word' id='word_1_338' title='bbox 650 3811 693 3873; x_wconf 91' lang='lat' dir='ltr'>de</span> <span class='ocrx_word' id='word_1_339' title='bbox 701 3807 868 3874; x_wconf 79' lang='lat' dir='ltr'>tolimodo</span> <span class='ocrx_word' id='word_1_340' title='bbox 877 3795 1049 3869; x_wconf 41' lang='lat' dir='ltr'>etmel*</span> 
     </span>
    </p>
   </div>
   <div class='ocr_carea' id='block_1_6' title="bbox 0 0 1084 4072">
    <p class='ocr_par' dir='ltr' id='par_1_13' title="bbox 0 0 1084 4072">
     <span class='ocr_line' id='line_1_47' title="bbox 0 0 1084 4072; baseline 0 0"><span class='ocrx_word' id='word_1_341' title='bbox 0 0 1084 4072; x_wconf 95' lang='lat' dir='ltr'> </span> 
     </span>
    </p>
   </div>
  </div>
 </body>
</html>
