2160 4072
87 119 154 182 42⁰
465 130 666 176 rnacrarns

127 280 213 343 Hinc
225 278 374 341 similibus
386 276 617 355 mgintiomnus
636 275 887 344 occurrentibus,
913 293 975 333 non
988 274 1030 333 de·
1069 286 1076 322 Ι

87 365 141 422 bet
152 360 269 432 terren,
282 359 336 420 scd
348 377 399 418 eae
412 369 611 426 contemnere,
621 367 654 415 et
669 375 847 434 supponere
861 355 945 433 qnod
968 355 1033 414 inei·
1074 384 1076 389 ·

90 441 165 501 dant
177 451 210 500 et
229 449 402 499 maneant
422 447 524 497 eontra
548 457 632 495 suam
652 438 867 495 voluntatem:
892 448 924 495 et
942 454 1034 493 revera

90 542 169 602 repe
177 519 297 591 suddit,
320 518 403 598 quod
415 516 617 595 scrupulosus,
631 517 671 576 ob
691 516 757 574 rim
769 528 863 574 antea
875 516 997 575 cerebro
1006 515 1033 574 il-

90 601 193 673 laturo,
214 601 223 616 ⁶
285 599 371 658 nullo
383 598 473 657 modo
485 597 525 655 sit
537 595 686 656 Dominus
706 617 771 656 suae
783 597 964 675 phantasia.

134 680 196 741 vll
217 722 224 737 .
239 679 280 740 3⁰.
290 680 377 739 Circa
389 677 605 753 correptionem
618 677 781 736 fraternam
796 677 885 735 licite
894 678 1034 755 supponit,

94 782 126 821 re
145 780 206 820 non
216 779 282 819 esse
305 779 340 818 cs
378 778 444 817 cem
458 759 497 816 ad
514 756 743 815 discernendum
758 756 961 836 quandonam
971 756 1035 815 illud

92 851 277 920 proeeeptum
300 839 361 897 obi
414 838 510 917 ,quia
522 837 616 912 ipsius
636 837 789 915 judicium
815 848 866 895 est
879 837 1034 906 turbatum

92 922 195 998 sinque
208 918 406 995 corripiendo,
420 938 453 976 se
465 916 601 996 pluribus
614 918 767 976 erroribus
789 928 966 994 exponeret
978 937 1034 975 cum

94 1000 255 1059 offensione
265 998 402 1069 aliorum,
413 1000 458 1058 uti
471 996 655 1074 experientia
665 997 753 1058 donet
765 1020 776 1069 ;
789 1010 824 1056 et
837 997 914 1056 hinc
927 997 1033 1076 regula-
1074 1036 1076 1047 «

93 1079 541 1157 riternmtteneturnorripere.
702 1090 707 1097 ·
1071 1152 1073 1159 γ

134 1159 239 1220 1x.s⁰
258 1160 345 1219 Circa
359 1160 479 1218 Sacram
489 1158 733 1217 Communionem
758 1159 799 1218 sit
821 1167 941 1229 certus·
961 1158 1033 1237 quid
1065 1171 1073 1222 ,’

95 1240 229 1319 quumvis
242 1241 273 1299 in
284 1250 363 1299 statu
372 1238 487 1317 peccati
496 1237 628 1297 mortalis
642 1239 892 1308 communicaret,
906 1239 1032 1316 equidem
1059 1247 1076 1313 ΡΙ

93 1340 155 1380 non
164 1331 323 1398 peecaret3
339 1321 410 1397 quia
419 1319 508 1397 juxta
518 1318 549 1377 S.
564 1318 623 1377 Th.
634 1330 775 1396 peccator
788 1319 874 1378 bont
891 1318 953 1377 lide
965 1338 1030 1378 eom·
1060 1328 1076 1401 ll

92 1399 248 1461 municans
258 1420 319 1459 non
339 1410 453 1478 peccat,
466 1399 525 1456 imo
539 1418 593 1476 per
605 1399 743 1458 accidens
757 1400 959 1477 consequitur
976 1418 1030 1476 gn·

95 1481 166 1539 tiam
188 1482 313 1559 primam
324 1503 335 1551 ;
358 1479 422 1557 jam
435 1490 534 1539 autem
554 1479 632 1537 bona
655 1479 730 1538 fides
752 1482 838 1538 recte
853 1478 1029 1537 fundatmin

96 1561 220 1620 consilio
230 1560 406 1620 confessarii
420 1571 451 1619 et
464 1561 496 1618 in
508 1569 589 1618 recta
599 1560 762 1618 intentione
774 1559 890 1638 agendi
903 1558 948 1630 id,
963 1557 1029 1635 qnod
1067 1549 1076 1635 ,Ὗ

99 1642 219 1700 attentis
228 1641 367 1699 omuibus
376 1640 471 1699 tutius
484 1650 536 1699 est

135 1721 174 1780 X.
190 1719 230 1781 5⁰.
252 1719 338 1780 Circa
357 1721 530 1791 orationem,
549 1720 728 1780 auditionem
752 1719 868 1791 Missae,
894 1719 1028 1779 recitatio·
1066 1785 1076 1798 .,

95 1818 165 1860 nem
185 1801 336 1859 Horarum
363 1799 580 1858 canonicarum
598 1822 633 1859 ac
656 1811 764 1861 catera
786 1810 943 1878 praecepta
962 1801 1028 1877 posi·

96 1881 168 1951 tiva,
178 1882 315 1939 observet
324 1879 486 1940 Ecclesiam
498 1879 577 1939 ferre
586 1881 668 1959 leges
676 1881 708 1938 in
715 1881 831 1938 bonum
844 1880 1028 1947 subditorun,

97 1980 156 2019 non
165 1961 314 2039 laqueum,
325 1971 356 2020 et
364 1970 510 2019 torturam
522 1961 686 2019 animarum
699 1984 708 2030 3
734 1971 765 2018 et
779 1961 850 2019 ideo
872 1961 947 2019 dum
961 1979 1028 2018 scru-

95 2041 219 2119 pulosus
246 2042 336 2100 semel
358 2041 494 2100 recitavit
519 2042 618 2100 Horas
652 2042 827 2109 canonicas,
859 2059 1028 2118 quamquam
1071 2066 1076 2082 ι

95 2120 193 2199 τείρεα
206 2141 265 2179 nou
284 2121 472 2180 satisfecisset
494 2132 643 2199 praecepto
658 2121 808 2187 Ecclesiae,
825 2122 968 2197 equidem
981 2138 1029 2177 non
1074 2152 1076 2162 =

94 2209 214 2259 tenetur
224 2221 272 2258 eas
281 2215 435 2279 repetere3
450 2203 520 2278 quia
533 2212 667 2278 respectu
683 2201 776 2279 ipsiu'a
792 2201 932 2261 Ecclesia
945 2201 1029 2277 legem
1073 2209 1076 2243 ⁴

99 2301 182 2339 suam
203 2282 314 2340 relaxat
323 2306 332 2353 3
348 2282 406 2339 imo
421 2282 458 2339 de
479 2282 548 2359 jure
572 2281 620 2338 lex
635 2293 728 2339 cessat
741 2283 781 2338 ob
806 2281 996 2339 incommoda
1007 2291 1029 2338 et
1075 2296 1076 2303 ¹

96 2359 183 2431 mala,
199 2383 265 2439 quae
280 2382 316 2419 ex
329 2363 504 2439 repetitione
512 2362 664 2430 timentur,
678 2362 763 2439 putul,
776 2361 1029 2437 pusillanimitatis,

94 2440 301 2519 ineptitudinis
315 2443 352 2500 ad
366 2443 467 2500 munia
479 2463 541 2511 sua,
569 2443 698 2511 insania,
714 2453 769 2499 etc.
785 2462 853 2518 quae
869 2451 1030 2498 enumerata

96 2533 166 2581 sunt
181 2524 271 2581 Num.
286 2531 351 2591 190.
366 2523 452 2581 sicuti
467 2525 505 2579 ob
525 2522 691 2598 periculum
706 2521 871 2597 corporalis
886 2521 1029 2598 aegritudi-

96 2601 143 2659 nis
156 2600 265 2678 aliquis
280 2614 437 2661 excusatur
451 2605 466 2660 ὲ
483 2613 633 2679 praecepto
646 2601 787 2659 audiendi
801 2603 941 2668 Sacrum,
969 2600 1031 2659 reoi-

95 2681 179 2739 tandi
198 2684 302 2752 Horas,
325 2696 382 2740 etc.
405 2681 450 2740 lta
465 2682 644 2740 Henricusi
668 2684 696 2741 S.
715 2682 847 2758 ignatio,
880 2681 949 2738 Van
965 2683 1029 2756 Roy,

97 2763 276 2831 Braunman,
299 2762 404 2831 Collel,
432 2762 551 2838 aliique,
577 2762 628 2839 qui
651 2762 682 2819 in
706 2761 907 2838 suspicionem
922 2759 1031 2819 laxioris

96 2842 216 2899 moralis
239 2844 340 2901 venire
360 2863 420 2900 non
441 2853 574 2919 possunt,
606 2851 636 2899 et
656 2845 707 2918 qui
722 2842 811 2899 etiam
831 2862 889 2919 pro
914 2861 1030 2918 scrupu-
1074 2854 1076 2917 j

96 2921 166 2980 losis
176 2921 337 2981 admittunt
356 2922 527 3001 Epi-keiam
549 2923 610 2981 sive
623 2921 827 2981 rationabilem
843 2923 949 2999 legum
963 2920 1031 2979 diri·

96 3023 201 3061 narum
216 3002 495 3081 interpretationem.

137 3082 218 3143 Sciat
232 3083 319 3141 etiam
334 3083 533 3160 scrupulosus,
549 3083 717 3142 continuam
727 3083 924 3143 attentionem
940 3092 1031 3141 actua-

97 3165 155 3224 lem
175 3183 238 3222 esse
259 3163 482 3240 impossibilem,
505 3175 535 3221 et
548 3164 706 3222 virtualem
721 3165 901 3223 sufficienter
914 3182 973 3240 per
986 3160 1031 3218 de-

96 3264 215 3303 cursum
230 3244 396 3303 continuari
409 3244 440 3300 in
456 3244 617 3301 attentione
630 3244 726 3320 prima
740 3265 800 3302 non
815 3254 964 3302 revocata

137 3324 271 3384 Tandem
287 3335 370 3381 curet
384 3323 582 3400 scrupulosus,
612 3336 647 3382 ut
669 3323 756 3383 horas
776 3325 858 3402 legat
872 3325 974 3380 animo
986 3341 1032 3399 pa·

96 3415 170 3475 cato,
195 3424 255 3461 non
270 3404 467 3480 angustiando
482 3403 717 3481 respirationem,
742 3424 798 3462 nec
812 3401 1033 3481 comprimendo

92 3496 207 3564 pectus,
222 3483 269 3542 vel
278 3504 320 3553 os,
332 3484 432 3543 oculos
446 3494 498 3542 aut
511 3485 674 3542 cerebrum.

134 3564 316 3633 Notandum,
322 3564 435 3640 aliquos
444 3584 506 3622 esse
517 3564 704 3640 scrupulosos
715 3564 745 3621 in
757 3584 817 3622 una
825 3565 962 3634 materia,
971 3583 997 3620 v.
1007 3582 1033 3638 g.

89 3646 121 3704 in
137 3644 269 3704 oratione
290 3644 497 3723 persolvenda,
525 3645 579 3719 qui
591 3644 709 3701 interim
723 3644 789 3702 aliis
803 3644 940 3702 materiis
969 3643 1034 3700 satis

76 3728 144 3789 laxi
164 3726 456 3806 deprehenduntur,
470 3736 501 3783 et
521 3723 616 3799 plura
624 3732 751 3797 peecata
758 3722 1039 3777 mortalxaeommit-

67 3823 163 3873 ‘’mt:
178 3830 252 3871 cum
269 3809 320 3871 his
336 3808 428 3870 aliter
444 3816 493 3864 est
499 3799 748 3882 procedendum,
770 3797 876 3880 easque
892 3794 1059 3863 annanean-

150 3894 277 3977 primu,
305 3906 344 3954 ut
359 3882 592 3951 conscientium
607 3873 732 3936 anama
750 3879 893 3945 pesestas
911 3873 1076 3934 expurgant
