2160 4072
321 98 367 155 nu
390 97 562 143 succurra
847 80 915 146 318
993 70 999 83 ⁸

45 242 77 305 it
86 263 164 304 unus
177 243 315 305 defectus
322 266 331 304 ε
339 265 413 322 ergo
426 255 480 304 etc.
497 243 544 303 lta
556 242 662 304 illicita
672 253 702 304 et
710 243 789 305 mala
801 254 847 306 est
860 245 913 306 de·

46 324 83 383 tio
96 325 134 384 de
147 325 290 385 ebrietate
299 325 346 385 vel
357 324 533 404 pollutione,
542 323 734 385 materialiter
747 326 837 385 etiam
847 337 912 386 tan·

46 405 135 476 malis,
149 415 273 486 propter
284 404 423 465 effectum
437 404 570 466 sanitatis
583 403 653 463 inde
667 419 811 465 secutum.
904 468 905 475 χ

46 485 265 546 rdelectatione
288 487 367 545 circa
385 484 580 564 pollutionem
602 487 681 544 mere
702 487 868 545 naturalem
882 497 912 547 et

48 567 204 638 nuteriam,
219 567 332 625 dictum
348 566 377 625 S.
394 568 420 624 N
425 587 485 627 um.
499 564 691 643 precedenti.

46 691 50 704 .
78 647 190 706 Praeter
212 645 444 726 propositionem
461 653 506 707 13.
530 644 658 706 inter65
685 647 722 705 ab
738 647 912 708 Innocentio

50 725 211 798 damnatas,
235 727 295 786 huc
309 727 397 803 etiam
417 738 552 805 spectant
574 734 620 785 14.
644 737 675 785 et
701 735 747 787 15.
770 728 856 787 Prior
869 729 912 788 sic

47 817 76 866 t:
103 814 123 841 “
139 807 267 867 Licitum
282 818 327 866 est
337 807 473 869 absoluto
492 806 638 865 desiderio
662 827 771 886 cupere
786 819 912 868 mortem

47 886 103 949 nis.
117 907 178 946 non
193 888 314 967 quidem
326 899 360 947 ut
370 887 481 963 malum
495 887 598 966 patris,
623 887 676 946 scd
689 898 723 946 ut
733 890 847 947 bonum
859 910 911 948 cu·

47 967 123 1027 ntis:
139 969 209 1047 quia
221 968 361 1027 nimirum
373 968 400 1027 ei
413 969 579 1028 obventura
592 977 637 1026 est
650 967 773 1046 pinguis
787 969 912 1028 haredi-

47 1048 71 1107 .'’
91 1047 210 1109 Altera:
237 1056 258 1084 “
272 1048 403 1108 Licitum
416 1059 462 1108 est
480 1047 542 1108 filio
555 1047 688 1125 gaudere
701 1048 739 1107 de
752 1050 913 1128 parricidio

47 1127 168 1187 rentisd
192 1150 223 1188 se
236 1128 411 1190 inebrietate
424 1139 605 1207 perpetrato,
634 1139 755 1207 propter
776 1130 913 1208 ingentes

47 1208 122 1266 ritias
132 1209 204 1267 inde
217 1230 254 1270 ex
267 1208 438 1268 haereditate
452 1212 650 1268 consecutas.''

55 1287 102 1346 his
115 1289 212 1349 tribus
224 1288 477 1369 propositionibus
489 1288 657 1347 luculenter
671 1288 844 1349 damnatum
856 1289 912 1351 ha·

48 1388 70 1428 ts
85 1369 222 1429 subtilem
235 1371 321 1429 illum
335 1369 443 1429 mentis
457 1369 567 1429 flexum
582 1369 791 1444 (directionem
814 1371 912 1430 inten-

48 1454 185 1530 svocant)
199 1450 301 1528 quoin
315 1470 349 1508 re
362 1450 499 1529 quapiam
516 1450 583 1527 quis
593 1450 786 1509 intentionem
797 1462 912 1511 averte·

48 1532 70 1589 b
84 1551 130 1600 eo,
152 1531 232 1609 quod
243 1532 274 1589 in
288 1530 340 1591 illa
353 1542 416 1590 erat
428 1528 509 1601 mali,
538 1528 693 1608 solumque
706 1529 911 1592 delectabatur

48 1612 154 1670 »btabat
163 1630 227 1669 rem
239 1610 321 1670 illam
331 1624 454 1690 propter
462 1610 674 1688 bonum,quod
686 1611 719 1668 iu
729 1630 764 1670 ea
777 1622 850 1683 erat,
860 1623 912 1672 aut

48 1712 78 1750 sa
85 1694 330 1770 consequebatur.
342 1691 420 1750 Vide
430 1691 604 1770 Steyaertin
612 1689 911 1769 istaspropositiones.

48 1791 144 1849 tergo
166 1791 226 1831 non
242 1772 344 1831 licebit
364 1770 497 1851 gaudere
520 1772 558 1831 de
581 1782 676 1832 morte
696 1771 818 1832 latronis
828 1773 909 1853 juste

49 1852 125 1912 ensi?
810 1866 814 1878 “

58 1933 148 1993 Tunc
160 1932 280 2013 proprie
293 1932 409 1993 tantdm
424 1933 588 2013 gaudemus
598 1933 636 1993 de
652 1935 732 1993 bono
742 1932 868 2013 justitie
881 1943 912 1994 et

49 2032 94 2072 »no
102 2016 252 2073 communi
265 2014 438 2093 reipublicae
455 2015 536 2092 quod
549 2013 629 2073 licite
639 2014 912 2093 praeferimusbono

49 2105 85 2152 to
95 2114 132 2154 ao
143 2096 212 2153 vitae
222 2094 418 2154 malefactoris
427 2119 437 2167 ;
448 2093 528 2153 etita
540 2091 656 2153 tantum
672 2095 808 2153 volumus
817 2114 912 2154 meru·

49 2200 53 2230 ι
78 2175 235 2253 putridum
258 2175 392 2234 abscindi
406 2176 445 2234 ad
460 2177 573 2234 bonum
592 2173 702 2235 totius:
728 2173 791 2235 haeo
810 2186 910 2234 autem

69 2267 225 2327 causaest,
249 2266 284 2314 ut
310 2256 469 2334 nequidem
489 2254 712 2334 interpretative
740 2275 912 2316 censeamur

50 2347 178 2394 mortem
189 2337 244 2396 sub
258 2336 371 2395 ratione
384 2337 485 2395 damni
498 2346 550 2395 aut
563 2334 633 2394 mali
653 2336 790 2414 proximi.

50 2436 94 2474 em
105 2417 275 2488 dicendum,
300 2416 373 2475 dum
383 2417 450 2496 quis
462 2416 581 2475 laetatur
593 2414 632 2474 de
641 2413 777 2475 hostibus
787 2416 819 2472 in
832 2415 913 2475 bello

58 2497 159 2567 oaesis3
184 2497 322 2557 convenit
342 2509 451 2568 umen,
467 2498 527 2555 uta
540 2495 697 2566 similibus,
721 2495 820 2555 clerici
833 2514 911 2574 proe-

50 2597 78 2647 n,
90 2578 201 2655 quibus
215 2577 381 2657 specialiter
392 2575 590 2636 mansuetudo
610 2574 844 2648 commendatur,
858 2575 912 2635 ab·

50 2668 103 2717 snt

50 2761 56 2796 ι
70 2738 153 2797 licita
161 2751 205 2800 est
219 2738 377 2799 delectatio
389 2737 429 2799 de
441 2741 521 2799 bono
535 2736 642 2798 effectu
656 2747 759 2798 secuto
771 2757 808 2797 ex
822 2757 912 2818 opere

73 2839 102 2877 v.
113 2839 143 2897 g.
158 2818 197 2878 de
211 2821 335 2880 sanitate
345 2830 447 2880 secuta
460 2841 497 2879 ex
511 2819 663 2888 ebrietate,
688 2818 726 2877 de
738 2817 913 2887 haereditate

51 2908 108 2958 >rte
118 2900 219 2977 patris,
234 2901 272 2958 de
282 2920 355 2978 pace
364 2899 483 2959 familie
495 2921 532 2959 ex
540 2898 686 2959 occisione
694 2898 816 2970 inimici,
831 2904 911 2960 ete?

51 2979 67 3038 l.
93 2980 128 3038 R.
143 2981 335 3050 Affirmative,
350 2981 439 3041 modo
459 2979 617 3041 delectatio
637 2999 698 3038 uon
713 2978 751 3040 sit
764 2979 854 3040 simul
874 2978 915 3040 de

51 3079 135 3140 >pere
147 3061 244 3120 malo:
274 3061 349 3120 ratio
363 3073 418 3132 est,
446 3061 526 3141 quod
540 3059 713 3139 hujusmodi
728 3058 850 3119 effectus
875 3061 914 3120 sit

51 3152 109 3200 itus
120 3152 149 3200 et
163 3143 259 3201 bonus
270 3140 432 3200 secundum
447 3162 488 3212 se,
504 3162 556 3202 seu
564 3149 655 3220 prout
663 3140 764 3200 existit
773 3150 803 3199 et
812 3160 913 3217 perse·

101 3232 128 3280 st
141 3240 257 3282 causam
272 3243 309 3280 ex
318 3242 378 3300 qua
391 3233 510 3282 secutus
520 3232 586 3295 est3
615 3220 694 3281 unde
706 3219 865 3280 delectatio
875 3219 914 3279 de

69 3311 138 3361 ectu
153 3301 315 3362 secundum
340 3321 371 3361 se
384 3313 415 3362 et
427 3301 599 3362 abstractim
623 3301 745 3361 dcausa
766 3299 846 3358 mala
869 3310 915 3359 est

52 3428 54 3442 .
68 3392 175 3461 utpote
189 3383 228 3442 de
238 3405 270 3443 re
283 3384 371 3441 bona.
525 3424 528 3429 -

52 3482 113 3541 que
126 3474 188 3522 toto
197 3464 268 3522 caelo
281 3463 422 3521 differunt
433 3461 497 3522 haec
507 3462 591 3523 duos
615 3460 758 3521 delectari
772 3459 810 3519 de
824 3479 915 3538 opere

54 3553 179 3623 propter
188 3544 327 3604 effectum
339 3544 464 3617 bouum,
488 3553 519 3603 et
532 3542 674 3602 delectari
685 3542 723 3601 de
733 3541 797 3600 solo
807 3539 915 3600 effectu

52 3725 64 3763 r
88 3704 288 3783 intelligentia
306 3703 487 3766 dictorumb
504 3704 641 3764 Numero
662 3711 735 3772 ur.
758 3701 926 3773 includat,

52 3787 60 3837 l
73 3783 219 3862 distingui
232 3786 346 3847 debent
356 3787 423 3849 baec
438 3797 572 3871 quatuor
585 3811 596 3851 ι
613 3784 783 3849 delectatio
795 3783 840 3845 dt
847 3801 946 3862 092st

52 3867 86 3916 cl.
101 3860 139 3919 de
155 3863 300 3928 peccatu.
433 3881 454 3935 2
473 3892 492 3934 n
