2152 4066
382 114 429 159 na
452 111 625 167 enecans.
883 52 974 163 '317

10 304 16 337 :
59 259 237 323 Difficultas
248 270 302 332 est,
313 278 352 319 an
363 259 639 325 delectans-morose
663 258 817 319 conhahat
828 259 972 320 malitiam

10 336 312 411 circumstantiarum
324 341 436 421 objecti
459 341 542 414 mali,
565 343 592 401 ai
611 342 650 401 ab
673 339 734 399 illia
753 340 905 403 abstrahat
919 362 972 402 seu

15 421 231 499 proescindat?
335 438 338 443 '

69 502 117 561 11.
125 503 162 563 lt.
173 504 248 563 Cum
257 499 371 578 Sylvio,
383 496 534 579 Wigg'ers,
546 501 689 571 Boudan,
698 501 836 578 Steyaert
846 500 972 580 aliisque

12 582 223 643 communiter
244 591 348 641 contra
371 582 509 659 Vaaquea
533 583 715 652 affirmative,
738 581 832 660 idque
856 581 971 641 etiamsi

12 658 83 721 illas
95 662 326 733 circumstantia
339 682 377 722 ex
390 662 453 722 solo
461 662 532 741 jure
544 661 673 741 positivo
685 662 872 742 proveniant,
884 663 972 721 modb

14 741 141 803 scilicet
158 742 371 805 invincibiliter
383 762 444 802 non
458 743 634 820 ignorentur
642 766 653 815 ς
680 742 722 801 ita
735 741 893 802 delectatio
909 761 971 800 rno-

16 842 93 883 rosa
101 822 349 885 determinatione
362 840 430 883 cnm
444 822 580 892 muliere,
604 842 673 901 quae
685 833 731 883 est
743 824 971 901 consanguinea,

10 903 188 983 ,conjugata
194 914 249 965 aut
261 915 331 964 voto
345 904 487 964 matitatis
496 902 646 971 obstricta,
667 903 760 963 babet
773 903 916 963 malitiam
926 904 972 962 in·

19 982 339 1057 cotthardultariiaut
349 983 506 1061 sacrilegii,
516 985 652 1062 quamvis
660 983 810 1043 delectans
820 986 836 1042 ὲ
847 984 973 1043 circum.

23 1064 138 1125 stantia
149 1065 424 1144 consanguinitatis,
438 1064 571 1143 conjugii
584 1074 636 1124 aut
647 1065 711 1123 voti
723 1064 913 1143 praescindat.

66 1144 157 1205 Ratio
165 1155 221 1217 est,
233 1145 316 1225 quod
325 1146 358 1205 in
369 1145 477 1205 ordine
499 1144 539 1204 sd
551 1143 774 1205 delectationem
796 1144 834 1204 de
855 1144 973 1223 objecto

23 1223 104 1285 malo
114 1244 232 1306 semper
240 1237 412 1306 persevmet
420 1224 584 1305 prohibitio
593 1224 891 1296 circumstantiarum,
899 1226 974 1285 adeo

26 1314 61 1364 ut
74 1304 234 1367 delectatio
243 1307 286 1367 de
299 1305 417 1385 objecto
429 1304 508 1365 malo
519 1325 636 1386 semper
655 1317 774 1365 maneat
787 1307 901 1367 ratione
916 1306 974 1365 cir-

26 1385 271 1447 cumstantiarum
283 1386 434 1465 prohibita
441 1410 452 1458 ς
465 1396 557 1464 atque
569 1386 620 1458 ita,
647 1385 717 1445 licat
731 1386 798 1466 quis
811 1386 973 1458 abstrahat,

27 1462 70 1523 nil
78 1466 179 1539 efficit,
203 1466 291 1529 sicuti
303 1467 347 1527 nil
360 1467 458 1537 efficit,
482 1467 555 1526 dnm
574 1466 721 1527 abstrahit
733 1470 751 1528 a
773 1467 975 1546 prohibitione

28 1544 70 1603 rai
82 1545 242 1617 intrinseca
252 1547 347 1618 mala,
357 1548 510 1626 quiaratio
518 1547 728 1626 prohibitionis
735 1567 853 1627 semper
863 1559 973 1606 manet.

53 1624 267 1689 -confirmnur
277 1648 315 1688 ex
327 1648 372 1700 eo,
388 1628 469 1707 qnod
480 1628 512 1686 in
524 1627 721 1689 delectatione
733 1648 860 1698 morosa,
885 1627 975 1687 etiam

27 1702 113 1783 juxta
125 1706 320 1780 adversarms,
330 1729 447 1787 semper
456 1708 648 1768 contrahatur
660 1707 773 1767 malitia
781 1708 974 1768 circumstan-

23 1784 74 1863 tia
85 1807 121 1847 ae
133 1790 263 1849 terrentis
275 1808 314 1849 ex
326 1800 411 1867 parte
434 1789 561 1867 subjecti
573 1808 626 1849 seu
639 1807 773 1867 personae
786 1788 972 1858 delectantis,

30 1860 142 1927 etiamsi
157 1871 174 1927 i
190 1869 392 1948 prohibitione
405 1868 604 1939 abstrahatur,
632 1881 667 1927 ut
681 1869 706 1927 si
720 1868 898 1946 conjugatus
919 1869 973 1931 de·

28 1942 156 2009 lectctur
164 1948 202 2009 de
214 1948 323 2027 copula
336 1969 404 2009 curn
418 1949 521 2019 libera,
541 1948 767 2009 abstrahendoh
780 1949 973 2008 circumstan-

27 2026 62 2087 tia
75 2029 127 2087 sui
134 2029 287 2109 conjugii:
302 2029 383 2089 idem
391 2050 463 2108 ergo
474 2028 635 2089 dicendum
649 2029 688 2089 de
698 2027 927 2088 circumstantiis
941 2049 973 2089 se

25 2109 200 2170 tenentibus
213 2130 250 2169 ex
260 2120 345 2188 parte
355 2110 473 2189 objecti:

58 2188 138 2269 obj.
156 2193 181 2251 1.
192 2190 361 2251 Delectatio
373 2190 508 2269 sequitur
517 2200 653 2250 naturam
678 2189 725 2249 sui
739 2190 866 2269 objecti:
888 2191 972 2267 atqui

16 2268 180 2347 objectum
203 2289 264 2329 non
288 2281 333 2331 est
345 2281 429 2330 actus
443 2271 570 2331 exterior
595 2280 627 2329 nt
640 2271 797 2350 ponendus
821 2290 890 2330 cnm
911 2270 972 2330 suis

14 2348 266 2422 circumstantiis,
281 2350 454 2411 aedtantim
466 2364 557 2430 prout
570 2351 655 2411 estin
669 2351 905 2430 apprehensione
919 2349 972 2408 de·

14 2426 169 2491 lactantis
179 2431 350 2491 abstractim
362 2436 377 2491 i
388 2432 617 2491 circumstantiis
630 2455 641 2503 3
668 2451 750 2509 ergo,
765 2441 820 2490 etc.

59 2511 102 2569 R.
114 2511 262 2584 Quamvis
276 2511 453 2572 delectansd
468 2511 696 2570 circumstantiis
709 2509 896 2588 proesciudat,
909 2530 973 2569 non

10 2590 163 2668 sequitur
173 2592 254 2670 qudd
265 2612 368 2651 earum
381 2592 493 2651 malitia
503 2611 563 2650 non
577 2591 776 2660 contrahatur,
804 2602 836 2650 ut
845 2601 930 2668 patet
939 2591 972 2648 in

11 2669 185 2733 intrinseco
199 2671 284 2733 malis
296 2696 306 2745 ;
321 2671 483 2733 dicendum
503 2672 605 2748 itaque
618 2691 655 2732 ex
668 2692 713 2742 eo,
728 2671 809 2750 quod
819 2671 972 2731 delectans

11 2750 478 2831 dcircnmstantiisprrsscindut,
502 2751 618 2811 tantini
641 2750 735 2830 sequi,
762 2753 845 2829 quod
859 2750 971 2812 directe

14 2849 84 2889 non
93 2831 170 2891 velit
182 2832 221 2891 de
232 2834 277 2892 eis
290 2832 449 2895 delectaris
477 2832 539 2902 sed,
553 2833 620 2891 cum
631 2832 772 2910 equidem
787 2832 859 2892 velit
873 2831 972 2891 delec-

15 2911 79 2970 tari
94 2911 136 2970 de
149 2912 201 2972 tali
227 2913 346 2992 objecto
372 2913 460 2984 malo,
490 2913 539 2972 cni
560 2912 616 2972 scit
638 2913 712 2971 tales
734 2913 972 2973 circumstantias

17 2992 133 3063 inesse,
147 2993 372 3072 interpretativa
387 2994 425 3054 de
438 2993 498 3053 illis
513 2992 652 3053 delectari
666 3004 813 3053 conamur.

62 3071 140 3152 obj.
154 3074 196 3133 11.
208 3075 305 3135 Juxta
319 3075 410 3134 Num.
422 3081 488 3135 118.
501 3073 653 3135 delectans
664 3084 764 3151 potest
774 3072 945 3135 abstrahere
957 3075 974 3131 i

17 3150 228 3293 mibitionc
251 3154 327 3232 legis
342 3155 510 3233 positivoe3·
527 3174 599 3232 ergo
623 3153 774 3213 delectans
797 3155 911 3213 morose
936 3152 974 3210 de

20 3302 23 3311 ¹
93 3233 221 3295 'unone
230 3254 259 3294 v.
273 3254 303 3313 g.
319 3255 388 3295 cum
402 3235 621 3312 consanguinea
634 3234 665 3293 in
678 3244 785 3312 quarto
797 3234 904 3313 gradu,
919 3253 974 3311 po-

21 3322 83 3375 test
91 3315 266 3375 abstrahere
279 3315 504 3394 iprohibitione
513 3314 641 3394 positiva
654 3315 806 3387 Ecclesia,
818 3326 848 3375 et
862 3315 903 3373 sic
914 3332 975 3371 non

21 3394 202 3455 contrahere
214 3394 359 3455 malitiam
378 3396 518 3456 incesths.

66 3476 103 3535 R.
131 3477 208 3555 Neg.
223 3495 341 3555 conseq.
371 3478 485 3535 Verum
508 3475 632 3554 quidem
653 3486 698 3535 est
711 3495 748 3536 ex
772 3473 860 3533 dictis
882 3476 976 3533 Num.

23 3554 128 3627 citato,
141 3556 224 3637 quod
240 3557 336 3636 possit
347 3557 478 3617 abstrahi
497 3560 513 3616 i
525 3555 728 3634 prohibitione
740 3556 816 3634 legis
829 3554 975 3632 positiva,

24 3634 147 3697 aadhoc
157 3635 278 3697 limitari
290 3637 380 3697 debet
387 3637 426 3697 ad
436 3637 504 3696 illos
514 3657 608 3707 casus,
619 3636 729 3715 quibus
742 3634 905 3715 prohibitio
915 3653 976 3693 non

18 3724 68 3773 ert
79 3717 301 3779 crcumauntia
309 3718 421 3800 objecti
432 3717 515 3792 mali,
525 3738 583 3800 pro
594 3739 657 3800 quo
668 3717 725 3780 illa
734 3716 805 3781 tolla
811 3715 942 3796 nequitu
950 3714 994 3768 'nn

461 3810 482 3865 2
499 3822 519 3863 n
534 3810 554 3866 3
