2160 4072
360 112 405 157 or
429 112 672 185 conse-rrum.
809 126 812 145 ι
927 92 992 161 398

83 252 129 338 Ν.
143 260 208 317 178.
251 255 309 313 DE
324 254 577 330 QUALITATE
592 256 647 315 ET
663 256 950 329 QUANTITATE
1016 324 1018 329 ,

140 333 319 394 ΡΕΕΟΑΤΙ
342 337 517 397 CONTRA
541 335 877 398 CONSCIENTIAM.

53 493 75 553 l.
105 493 255 553 Peccatum
288 503 386 554 contro
409 496 605 555 conscientium
631 516 686 554 non
709 505 749 556 est
776 494 905 574 speciale.
948 494 993 557 ll.

85 573 159 632 Nisi
175 590 230 651 per
249 574 387 633 occidens.
431 576 489 634 lll.
517 574 622 633 Contra
637 585 749 646 rectum,
765 575 862 634 retinet
874 577 991 655 speciem

84 651 166 711 illiur
174 659 294 729 peccati.
337 654 389 712 lV.
414 655 519 714 Contra
543 673 695 727 erroneam,
710 664 750 714 ert
770 654 872 732 speciei
885 675 989 733 oppre-

85 730 187 790 icensoe.
229 733 264 792 V.
293 734 399 794 Contra
425 731 620 792 conscientium
646 755 753 812 semper
773 740 813 791 est
837 733 939 791 molum
960 734 989 792 in

85 819 193 868 certos
227 812 277 872 cic.
320 813 373 871 Vl.
398 815 452 872 Est
471 820 581 869 tontum
605 824 735 890 quantum
761 810 989 891 apprehenditur.

85 890 161 949 Vll.
212 892 324 951 uantum
344 901 442 969 peccat
456 894 506 981 qui
520 892 639 968 jrrdicot
652 892 762 970 aliquid
774 912 833 952 esre
845 890 947 948 molum
959 888 989 947 in

86 968 212 1045 confuso.
255 973 346 1030 VIll.
364 971 480 1031 Caetcrrs
490 968 619 1049 poribus,
632 974 751 1050 grauius·
773 980 813 1031 ert
826 989 911 1049 ogere
924 990 988 1029 con-

86 1056 134 1123 tro
146 1048 349 1111 conscientiam.

87 1208 332 1287 CUJUSspeciei
341 1221 495 1288 peccatum
504 1221 549 1268 est
554 1230 643 1287 agere
653 1223 754 1271 contra
765 1210 985 1271 conscientiam?

87 1291 111 1349 l.
128 1291 163 1348 li.
184 1290 221 1348 1⁰.
235 1293 337 1368 Agere
350 1291 679 1357 contraconscientiam.
689 1292 864 1370 regulariter
875 1301 987 1349 nonest

53 1369 174 1447 meciale
200 1383 374 1447 peccatum3
399 1373 469 1449 quia
494 1384 676 1451 preceptum
697 1370 806 1451 agendi
826 1371 986 1429 secundnm

53 1450 256 1509 conscientiam
271 1463 316 1510 est
327 1451 475 1528 generale,
497 1453 541 1510 uti
551 1465 732 1546 preceptum
744 1448 902 1511 obediendi
916 1450 984 1529 legi.

85 1531 129 1589 II.
148 1530 271 1589 Dictum
286 1543 330 1590 est
344 1539 364 1566 “
374 1531 551 1609 regulariter
561 1534 588 1602 ;''
604 1553 673 1610 quta
683 1554 736 1610 per
744 1532 881 1591 accidens
889 1542 987 1608 potest

53 1626 107 1668 rese
119 1611 249 1688 speciale
259 1624 424 1689 peccatum,
439 1633 468 1671 v.
483 1632 513 1689 g.
528 1612 552 1671 si
567 1615 634 1689 quis
644 1624 713 1690 agat
724 1625 825 1672 contra
836 1611 986 1669 conscien-

53 1687 127 1760 liem,
144 1702 179 1749 ut
191 1691 332 1768 paulatim
348 1712 413 1749 eam
437 1693 607 1769 extinguat:
630 1714 690 1771 quo
716 1692 806 1752 modo
827 1693 865 1750 de
889 1691 985 1768 seipso

53 1776 172 1829 ertator
202 1772 361 1843 Lutherus,
392 1781 429 1832 10
456 1773 540 1831 annis
567 1794 754 1852 oppugnasse
778 1772 986 1832 conscientiam

53 1867 139 1921 uam,
154 1863 190 1909 ut
203 1851 267 1930 ejus
280 1873 443 1912 remorsum
463 1853 669 1931 extingueret:
691 1854 748 1913 hoc
768 1854 847 1911 enim
862 1872 930 1910 casu
942 1862 987 1910 est

53 1931 247 1991 nobedientia
267 1932 411 2010 specialis,
434 1938 493 2012 qut
516 1935 582 2012 quis
596 1955 655 1991 non
673 1934 739 1992 vult
752 1932 858 2011 subjici
873 1931 985 1990 consci-

53 2013 131 2071 ntiae
148 2032 209 2070 suae
223 2023 364 2090 tanquam
378 2013 574 2079 humanorum
589 2025 709 2072 actuum
723 2013 844 2090 regule.

78 2094 94 2152 1
102 2088 148 2150 ΙΙ.
163 2092 205 2150 2⁰.
218 2094 318 2171 Agere
332 2102 435 2151 contra
448 2093 654 2152 conscientiam
668 2092 789 2161 rectam,
803 2092 911 2151 retinet
919 2109 985 2168 spe-

52 2172 120 2231 iem
145 2171 227 2230 illius
253 2174 376 2250 peccati,
401 2171 482 2251 quod
504 2173 571 2251 quis
594 2173 780 2231 remordente
795 2169 984 2235 conscientit,

53 2252 223 2314 ammittit:
238 2274 266 2311 v.
280 2275 311 2331 g.
326 2254 430 2325 furari,
454 2253 639 2313 remordente
664 2253 854 2326 conscientie,
878 2250 986 2310 retinet

53 2332 175 2414 peciem
186 2335 299 2409 peccati
313 2333 395 2392 furti.

77 2413 139 2472 lv,
157 2411 197 2470 3⁰.
213 2414 313 2490 Agere
336 2425 439 2473 contra
461 2415 669 2473 conscientiam
693 2433 855 2480 erroneam,
883 2421 927 2493 est
947 2410 985 2468 ad

53 2492 140 2551 rimis
151 2505 306 2570 peccatum
320 2495 404 2553 istius
418 2495 536 2572 speciei,
551 2516 640 2572 quam
655 2494 833 2565 conscientia
844 2491 917 2549 falso
932 2511 984 2567 ap-

54 2572 213 2643 rehendit,
226 2574 287 2631 sive
296 2574 382 2652 cujus
391 2575 499 2652 speciei
507 2586 661 2653 peccatum
672 2575 758 2644 foret,
770 2574 794 2632 si
805 2568 985 2630 conscientia

54 2674 150 2731 erum
165 2652 297 2713 dictaret.
341 2655 427 2714 Ratio
440 2666 493 2724 est,
509 2655 587 2733 quod
602 2668 684 2714 ectus
699 2664 795 2714 sumet
808 2651 936 2730 speciem
947 2652 985 2709 ab

53 2732 173 2811 bjecto,
187 2745 276 2810 prout
289 2735 366 2794 illud
390 2735 489 2794 estin
512 2737 746 2813 apprehensione
768 2732 926 2813 operantis,
951 2742 985 2790 ut

53 2814 159 2872 ‚ictum
174 2825 219 2871 est
235 2817 271 2871 N.
284 2813 332 2874 m.

80 2894 170 2953 Hinc
183 2895 207 2952 si
223 2895 288 2972 quis
301 2906 388 2974 putet
407 2916 470 2955 esse
483 2907 638 2974 peccatum
658 2895 781 2954 mortale
794 2903 897 2952 contra
916 2889 984 2950 reli-

53 2975 175 3046 :ionem,
203 2995 319 3033 sumere
342 2979 480 3035 tabacum
503 2976 603 3034 nasale
629 2977 660 3033 in
685 2976 826 3042 Ecclesia,
850 2973 986 3051 peccabit

53 3055 318 3114 nortalitercontra
330 3056 515 3135 religionem,
529 3056 553 3114 si
568 3068 684 3127 sumat;
708 3056 779 3114 item
789 3056 814 3113 si
825 3053 892 3132 quis
906 3073 986 3110 erro-

53 3138 96 3194 ιεὲ
122 3146 232 3211 putans
255 3155 317 3193 esse
337 3137 415 3195 diem
435 3137 553 3216 jejunii,
568 3157 671 3195 carnes
691 3136 858 3206 manducet,
873 3142 986 3210 peccat,

53 3235 75 3275 c
91 3215 117 3273 si
131 3235 234 3275 revera
244 3218 394 3277 essetdies
402 3216 520 3296 jejunii.

84 3294 159 3372 obj.
176 3296 231 3355 llle
246 3296 336 3355 edens
346 3317 449 3356 carnes
467 3317 526 3356 non
541 3297 603 3374 agit
617 3308 719 3356 contra
731 3296 827 3373 legem
845 3290 985 3352 Ecclesia

53 3375 213 3446 insitivam,
235 3388 339 3454 utpote
352 3397 413 3435 non
426 3377 599 3437 existentem
612 3401 618 3436 :
642 3399 714 3455 ergo
727 3396 788 3435 non
798 3384 903 3453 peccat
915 3385 985 3430 con-

53 3475 90 3513 ru
103 3455 201 3531 legem
212 3457 329 3536 jejunii.

85 3535 122 3593 R.
136 3536 357 3615 Distinguendo
371 3557 489 3615 conseq.
505 3538 574 3596 Non
588 3549 692 3614 peccat
706 3546 808 3594 contra
826 3534 923 3612 legem
939 3530 985 3608 je-

57 3614 121 3673 unii
136 3621 238 3676 reveri
260 3617 446 3689 existentem,
468 3636 550 3676 conc.
564 3629 678 3688 totum;
693 3636 753 3675 non
770 3625 874 3693 peccat
885 3623 987 3671 contra

56 3714 143 3773 egem
154 3697 261 3777 jejunii
276 3698 489 3774 apprehensam
503 3709 537 3756 ut
550 3717 660 3769 veram,
674 3718 742 3776 neg.
758 3715 893 3772 consen:
916 3691 988 3769 quia

53 3778 105 3831 um
119 3777 296 3835 conscientia
307 3779 347 3838 sit
359 3779 523 3858 applicatio
531 3779 620 3860 legia,
631 3779 697 3841 sire
709 3781 744 3838 ui
753 3789 786 3839 et
795 3769 1010 3864 nominem&
