2160 4072
387 122 432 169 nu
449 120 689 171 consciencia.
735 140 739 149 ·
950 101 1014 167 403

64 267 145 343 actio
159 267 261 347 aliqua
274 268 323 327 hic
337 278 367 328 at
379 288 461 329 nunc
474 268 517 329 sit·
525 268 609 329 licita
621 266 669 326 vel
684 266 797 335 illicita,
811 265 836 325 si
850 277 918 344 post
931 267 1015 327 debi-

65 356 130 407 tam
142 348 366 428 inquisitionem
377 350 461 409 nulla
469 348 529 428 ipsi
542 358 678 413 occurrat
691 348 767 407 ratio
780 345 948 419 illiceitatis,
962 369 1016 428 po·

65 434 136 501 test,
157 429 293 508 deposito
307 440 336 488 et
350 440 521 508 contempto
534 429 628 488 dubio
641 438 783 506 tauquam
802 427 952 506 scrupulo,
967 449 1016 489 ac·

66 506 181 647 {prem
190 530 301 595 ponere
310 534 321 583 ς
331 511 402 589 quia
411 510 470 571 tale
480 510 607 570 dubium
614 528 676 569 non
685 519 730 567 est
739 506 872 587 prudens
891 518 923 567 ct
935 530 1014 570 mor·

109 610 135 649 e.
616 642 619 647 .
943 646 946 651 .

108 670 194 728 Hinc
204 669 277 730 dicit
290 673 394 732 innoc.
410 668 470 729 ΙΙΙ.
492 691 554 747 cap.
581 670 807 737 lucorsrrro'ua
824 689 897 733 rua
914 671 1014 731 lade

70 750 545 821 smmnuaexcommunicationis,
556 750 794 829 conjugemque
799 772 835 812 ex
841 750 1015 813 credulitate

70 824 127 889 levi
142 841 173 889 et
185 833 349 904 temeraria,
363 853 424 891 non
437 831 584 909 probabili
595 842 625 890 et
636 831 772 903 discreta,
793 832 959 901 dubitabat,
973 851 1012 891 an

73 909 202 971 validum
213 923 290 971 esset
299 933 386 971 suum
395 912 627 982 matrimonium,
636 931 672 977 aa
681 911 764 983 adeo,
771 933 811 971 an
821 922 921 991 posset
930 930 1013 970 exer-

74 1006 134 1049 tere
147 1003 249 1051 actum
263 994 459 1071 conjugalem,
470 991 564 1051 adsui
576 992 705 1051 Pastoris
714 993 875 1052 consilium
886 990 1014 1068 (consci-

53 1071 150 1137 tutia
172 1072 249 1130 levis
268 1085 298 1131 et
311 1074 473 1133 temeraria
488 1072 671 1131 credulitatis
685 1072 819 1151 explosa)
834 1072 913 1133 licite
927 1092 1014 1151 posse

76 1160 128 1210 nbn
142 1151 240 1209 solium
252 1152 388 1224 reddere,
402 1153 454 1213 sed
468 1153 590 1230 exigere
602 1152 738 1219 debitum
753 1153 917 1230 coujugale.

106 1232 169 1305 Qui
180 1235 250 1291 verb
264 1235 355 1292 habet
363 1233 570 1294 conscientiam
580 1232 708 1310 positive
721 1232 852 1301 dubiam,
865 1233 955 1291 debet
965 1232 1012 1291 vel

75 1310 104 1368 ab
117 1313 237 1390 agendo
250 1314 408 1386 abstinere,
423 1314 470 1372 vel
484 1313 509 1370 si
523 1313 632 1389 agendi
645 1314 802 1371 necessitas
824 1324 936 1388 urgeat,
959 1313 1013 1371 eli.

72 1408 137 1465 gere
160 1393 264 1456 tutius.
285 1394 372 1473 juxta
387 1394 468 1473 quod
478 1393 548 1472 jura
562 1393 741 1473 decernunt:
772 1402 790 1426 “
804 1395 840 1451 ln
857 1393 957 1453 dubiis
968 1414 1024 1451 se-.

71 1473 207 1531 “mitam
221 1472 363 1534 debemus
381 1476 490 1553 eligere
504 1473 672 1531 tutiorem.'’
714 1471 791 1530 Vide
815 1472 895 1531 dicta
921 1474 1013 1532 Nam.

71 1556 137 1635 182¹.
151 1563 183 1612 et
197 1553 322 1613 dicenda
336 1562 356 1588 “
371 1556 409 1614 de
421 1552 659 1634 probabilitate.''
699 1554 790 1611 Num.
807 1552 872 1613 186.

147 1715 188 1772 N.
205 1720 271 1775 185.
314 1714 371 1774 DE
393 1712 684 1775 CONSC1ENT1A
699 1712 932 1813 PEthExA.

58 1868 87 1931 I.
116 1871 296 1932 Conscientia
321 1871 465 1950 perplexa,
508 1874 549 1930 ll.
574 1872 608 1929 Si
631 1868 678 1930 alt
692 1842 851 1941 ta'ncz'bili'c,¹
867 1879 910 1936 est
930 1872 1014 1949 depo.

165 1953 266 2011 nenda
310 1953 370 2013 ΙΙΙ.
392 1951 427 2008 Si
448 1950 803 2029 invincibilm,-eligendum
816 1951 912 2009 tetius.

101 2113 132 2172 1.
147 2113 330 2174 DICITUR
343 2111 410 2189 quis
423 2112 533 2172 habere
543 2110 752 2172 conscientiam
765 2111 947 2189 perplexam,
959 2111 1012 2188 qui

53 2192 189 2272 judicat,
203 2212 235 2252 se
248 2193 412 2253 necessario
425 2204 558 2271 peccare,
583 2193 647 2252 sive
667 2201 747 2269 agat.
763 2192 825 2251 sive
839 2211 900 2251 nou
917 2203 988 2269 agat
1002 2216 1012 2252 ε

54 2293 90 2335 v.
101 2294 135 2353 g.
147 2274 173 2332 si
187 2273 350 2332 inserviens
364 2273 542 2333 moribundo
553 2284 640 2351 putet
653 2294 684 2333 se
694 2284 897 2351 peccaturum,
908 2271 1012 2331 sicum

56 2354 193 2425 deserat,
214 2365 249 2413 ut
268 2355 369 2413 audiat
389 2356 523 2424 Sacrum,
545 2365 575 2413 et
599 2355 688 2413 etiam
708 2353 733 2411 si
746 2354 863 2413 assistat
875 2353 912 2420 ei,
927 2353 1012 2411 etita

58 2454 125 2493 non
135 2434 240 2493 audiat
254 2436 386 2494 Sacrum.

102 2514 191 2589 Quid
198 2514 347 2591 agendum
363 2526 406 2573 eat
414 2512 468 2582 illi,
480 2514 533 2591 qui
541 2514 656 2575 laborat
664 2511 843 2573 conscientit
852 2510 1011 2589 perplexi}

103 2595 150 2653 Il.
167 2597 202 2653 R.
212 2594 243 2652 Si
257 2595 294 2653 sit
308 2594 485 2655 vincibiliter·
498 2593 648 2672 perplexa,
659 2594 749 2653 debet
762 2593 842 2651 illam
851 2593 1012 2669 deponere3

60 2674 136 2754 quia
147 2684 267 2734 tenetur
281 2675 375 2735 vitare
387 2686 560 2753 peccatum:
575 2684 712 2752 peccaret
725 2684 832 2742 autem,
847 2673 871 2730 si
885 2692 946 2730 non
959 2672 1011 2733 de-

60 2766 167 2834 ponat,
181 2755 324 2815 utramvis
336 2767 451 2891 partep
473 2774 489 2812 e
501 2754 572 2832 igat.
1022 2797 1026 2802 -

106 2836 169 2895 111.
181 2835 213 2894 Si
227 2837 265 2893 sit
283 2836 423 2894 invincibi
438 2835 492 2903 iter
505 2835 658 2913 perplexa,
672 2834 762 2893 debet
774 2832 885 2910 eligere
898 2833 1014 2895 tutius:

62 2917 106 2975 sic
120 2916 154 2975 in
164 2934 234 2975 casu
247 2917 343 2994 posito
351 2916 445 2974 tutius
458 2926 505 2987 est
517 2916 652 2977 assistere
665 2913 851 2973 moribundo.

104 2994 198 3070 Quid
221 2997 256 3064 si,
284 2996 425 3055 adhibitis
444 2996 551 3069 mediis
573 2997 663 3055 Num.
685 2993 734 3055 46.
755 2992 1013 3062 remismundum

62 3087 216 3155 appareat,
231 3076 305 3154 quid
316 3077 354 3136 sit
361 3076 456 3135 tutius
464 3098 473 3147 3
489 3087 553 3135 tum
568 3075 650 3153 quasi
659 3084 747 3144 sorte,
758 3072 1012 3152 inquitSteyaert,

61 3156 222 3217 directisuu
236 3155 294 3215 Dei
309 3176 340 3216 se
351 3155 535 3215 committere
548 3156 648 3225 debet,
662 3164 692 3215 et
705 3173 794 3235 agere
813 3153 896 3232 quod
908 3171 1013 3211 occur-

61 3239 103 3297 rit
115 3261 126 3308 ;
141 3237 193 3295 ubi
212 3236 291 3295 enim
304 3237 362 3295 alia
374 3235 474 3295 media
486 3234 637 3306 deliciunt,
652 3247 717 3295 tuta
729 3234 836 3311 regula
852 3243 898 3291 est
909 3232 1013 3291 Provi-

63 3317 168 3383 dentia
181 3316 302 3387 Divina,
316 3316 403 3395 eique
417 3316 507 3374 horno
516 3336 580 3375 sese
593 3320 657 3377 tutb
672 3315 837 3377 committit.

104 3396 179 3476 obj.
196 3396 251 3455 Ille
267 3396 483 3455 lnvincibiliter
496 3396 659 3475 perplexus
671 3396 735 3474 agit
746 3405 849 3453 contra
862 3392 1013 3453 conscien-

61 3479 153 3537 tiam:
166 3497 238 3554 ergo
251 3489 363 3554 peccat.
515 3478 520 3483 ’
1005 3500 1009 3505 ·

105 3560 144 3618 lt.
161 3558 238 3636 Neg.
254 3569 349 3619 antec.
365 3557 435 3634 quia
449 3557 588 3636 eligendo
608 3558 703 3617 tutius
727 3553 850 3632 deponit
862 3553 1013 3613 conscien-

63 3640 138 3699 tiam
158 3636 250 3707 illam,
272 3651 302 3696 et
316 3638 451 3716 sequitur
464 3649 583 3697 certam.
625 3637 745 3697 Deinde
757 3634 807 3697 ille
820 3633 940 3713 proprie
954 3652 1015 3693 non

59 3720 127 3793 agit
137 3728 240 3777 contra
254 3718 478 3791 conscientiam,
492 3719 547 3781 sed
560 3720 661 3800 potius
674 3719 774 3799 agitur
787 3739 800 3789 ·,
822 3715 947 3794 quanin
956 3732 1032 3786 suu·

53 3795 149 3855 posito
158 3798 352 3858 conscientias
365 3798 595 3867 invincibiliter
607 3802 863 3888 perpaucanon
872 3791 1056 3874 agnitum

53 3881 141 3928 entra
153 3876 388 3942 conscientiam.
