2160 4072
268 38 389 91 virtute,
403 39 536 87 sesenna,
548 39 650 78 amsve
664 40 795 97 corporis
809 39 861 80 aut
874 41 980 82 ammae
994 39 1078 82 nonu

271 99 300 158 S.
316 100 423 159 Thom.
437 110 465 162 2.
477 111 506 162 2.
521 122 550 180 q.
567 102 699 161 162.art.
710 107 738 159 4.

312 179 489 252 Qandonam
502 182 642 260 superbia
655 192 698 240 est
711 192 869 260 peccatum
883 182 1032 243 mortale?

312 255 419 320 1V.'R.
444 264 526 322 Dum
541 262 663 339 quisita
684 275 763 322 amat
775 262 927 340 propriam
941 263 1074 322 excellen

271 340 378 418 subjici
401 352 506 401 renuat
526 343 592 400 Deo
612 342 662 401 vel
684 343 885 420 superioribus
899 343 959 401 suis
969 367 980 414 3
1010 344 1076 402 duae

272 421 385 498 species
398 442 467 481 mox
482 434 659 481 enumerata
674 423 762 481 etiam
781 423 863 489 dese
878 433 948 483 sunt
960 424 1080 485 mortal

271 511 372 560 autem
385 502 563 580 posteriores
576 503 649 562 tales
663 514 741 571 sunt,
767 504 791 561 si
804 503 883 563 adsit
891 505 993 581 gravis
1002 525 1068 582 pro

271 589 403 657 temptus
417 593 469 642 ant
482 581 702 642 detrimentum.

314 660 351 717 V.
368 660 431 721 Sub
455 663 594 739 superbia
607 664 696 722 etiam
710 663 972 741 comprehenditur
993 664 1080 722 inani

273 759 339 817 qne
361 753 405 801 est
425 741 610 801 inordinatus
632 745 781 821 appetitus
801 743 923 820 gloriae:
951 744 1059 803 differo

270 839 361 898 penes
375 822 441 894 hoc,
456 822 536 900 quod
546 823 859 901 superbiainordinau
868 834 990 903 appetat
999 844 1076 903 prop

271 898 448 976 cellentiam,
477 914 506 963 et
519 902 615 964 inanis
628 903 723 982 gioria
735 903 864 983 propriae
878 904 1061 964 excellentiae

273 980 423 1042 tationem.

311 1060 366 1119 Vl·
381 1064 483 1142 Hujus
495 1065 685 1142 vitiiseptem
706 1065 780 1125 filias
794 1076 948 1124 enumerat
961 1066 992 1125 S.
1015 1065 1074 1126 Th.

276 1149 345 1204 132.
357 1157 412 1204 art.
427 1155 455 1206 5.
469 1165 506 1204 ex
526 1147 558 1205 S.
574 1145 740 1224 Gregorio:
763 1145 902 1205 videlicet
918 1145 958 1204 1⁰.
973 1146 1077 1207 inobe

273 1221 315 1284 20.
326 1221 508 1300 jactantiam,
520 1225 561 1286 30.
575 1226 767 1304 hypocrisim,
792 1224 833 1283 4⁰.
848 1227 1079 1298 contentionem,

272 1301 421 1377 tinaciam,
446 1304 488 1366 60.
516 1305 694 1365 discordiam
718 1326 752 1364 ac
767 1304 807 1373 7⁰.
822 1307 989 1366 novitatum
1010 1327 1080 1384 prae

273 1402 343 1445 nem
358 1409 367 1459 ;
381 1386 490 1466 quibus
504 1387 597 1464 aliqui
610 1385 725 1445 addunt
736 1387 945 1457 curiositatem,
966 1408 1034 1465 quae
1049 1408 1076 1447 e:

273 1468 361 1525 natus
374 1468 523 1546 appetitus
536 1467 657 1526 honoris
671 1476 701 1525 et
714 1466 877 1545 dignitatis,
892 1477 922 1525 et
935 1477 1053 1526 tumore
1072 1496 1078 1520 t

273 1546 326 1622 qui
338 1549 499 1607 estmentis
512 1547 625 1606 inflatio
639 1567 675 1604 ex
690 1547 827 1625 congerie
847 1546 981 1606 inanium
1003 1549 1080 1628 cogi

274 1645 308 1682 ac
321 1628 448 1704 proprias
462 1628 644 1687 excellentiae
652 1628 875 1705 complacentia.

315 1708 389 1779 Quo
403 1708 498 1769 virtus
512 1709 659 1786 superbioe
680 1708 859 1785 opponitur?

312 1788 385 1847 VII.
398 1790 433 1846 R.
450 1789 621 1860 Humilitas,
646 1808 713 1866 quae
726 1789 768 1848 ita
781 1787 921 1847 definitur
935 1790 951 1845 ὲ
965 1788 995 1846 S.
1008 1790 1080 1847 Ber.

274 1869 332 1944 qui
354 1868 444 1927 homo
457 1891 494 1928 ex
518 1869 670 1928 verissima
692 1871 738 1928 sui
762 1868 913 1946 agnitione
942 1868 1072 1946 sibiipsi

274 1947 360 2000 Vide..
373 1969 438 2000 utrm
446 1951 587 2000 dictantur·
603 1951 692 2000 Num.
708 1956 776 2000 300.
792 1956 813 1982 “
827 1947 864 2000 de
879 1949 1080 2000 Temnerarrti
