2152 4066
337 123 383 166 uu
407 117 551 165 aceruus
573 102 741 164 nouauit
949 100 1016 173 199

60 255 133 336 ejus
145 250 330 341 propositio:
361 264 514 324 “Oblivio
534 276 564 322 et
584 265 751 342 ignorantia
770 280 830 322 nou
855 261 1009 341 subjacent

66 346 85 371 ‘⁸
100 345 254 416 peccato,”
279 343 439 419 (rationem
466 345 608 425 addebat)
637 345 739 422 “quia
766 364 824 402 uon
850 343 1011 403 secundum

67 424 87 450 “
98 419 296 494 voluntatem,
329 425 382 482 sed
405 425 565 484 secundum
602 426 808 483 necessitatem
832 424 974 483 eveniunt
985 429 1014 496 ;''

65 488 150 558 node
159 507 319 581 reputabat
330 525 446 563 omnem
461 506 656 582 ignorantiam
669 526 732 563 esse
742 504 952 562 invincibilem.

108 578 185 647 lli.¹
200 585 302 663 Hujus
329 605 458 643 errorem
486 587 595 645 saeculo
619 585 796 644 duodecimo
823 583 1009 659 resuscitavit

68 659 261 734 Abaiiardus,
276 666 423 724 refutatus
441 667 459 724 it
481 667 510 725 S.
532 666 620 726 Bern.
637 665 733 743 Epist.
748 673 797 731 77.
812 675 842 722 et
855 665 1014 724 damnatus·

67 748 103 797 ut
116 739 276 803 haereticus
289 748 327 804 ab
340 747 441 805 innoc.
459 747 500 806 11.

109 819 164 879 lV.
191 825 251 882 Sed
275 826 470 884 certissimum
495 839 540 886 est
553 827 617 884 dari
632 836 753 902 peccata
767 824 951 900 ignorantia,
978 838 1012 883 ut

70 911 179 975 prater
188 904 407 964 damnationem
421 906 550 966 Coelestii
563 917 592 964 et
604 906 755 964 Abailardi
766 904 919 962 manifesti
929 905 1013 961 evin-

72 990 141 1037 cunt
156 982 222 1043 haec
237 987 346 1063 Script.
364 987 394 1045 S.
408 986 483 1057 loca,
499 987 596 1046 Levit.
611 1006 675 1064 cap.
692 996 719 1044 4.
733 1006 761 1042 ν.
774 988 805 1044 Q.
820 984 893 1041 dicit
908 985 1009 1044 Deus:

71 1063 93 1092 ‘·
105 1061 225 1133 Anima,
238 1085 306 1142 quae
319 1084 373 1143 per
383 1065 580 1142 ignorantiam
595 1067 756 1144 peccavit;''
787 1064 889 1123 David
903 1065 948 1122 Ps.
962 1071 1009 1123 24.

76 1158 99 1195 V·
111 1148 140 1206 7.
156 1144 199 1201 ita
215 1146 313 1203 Deum
329 1146 522 1223 deprecatur:
539 1146 749 1224 “ignorantias
763 1165 842 1202 meas
856 1165 894 1201 ne
907 1146 1009 1203 memi-

75 1223 209 1291 “neris‚'’
228 1239 258 1283 et
276 1227 384 1283 l'aulus
401 1235 427 1284 l.
442 1228 480 1285 ad
493 1228 625 1286 Timotb.
640 1247 703 1303 cap.
722 1234 746 1282 l.
761 1246 788 1282 v.
805 1233 851 1284 13.
862 1224 901 1282 ile
914 1223 1011 1302 seipso

77 1297 141 1359 dicit
152 1325 160 1360 ε
174 1309 193 1337 “
205 1305 438 1364 Misericordiam
452 1307 511 1366 Dei
521 1318 696 1366 consecutus
705 1325 780 1372 sum,
791 1304 861 1381 quia
870 1305 1010 1379 ignorans

77 1379 157 1439 “feci
171 1385 196 1442 :’'
219 1386 338 1443 tandem
354 1387 446 1444 Lucae
465 1407 529 1465 cap.
549 1395 594 1445 12.
609 1407 637 1443 v.
653 1395 700 1444 48.
716 1385 843 1444 dicitur.
865 1392 883 1417 “
900 1384 1009 1443 Servus

58 1462 154 1538 ³⁴‘qui
182 1483 243 1522 non
268 1467 602 1542 cognovitvoluntatem
620 1466 750 1536 Domini,
772 1477 802 1523 et
821 1464 892 1522 fecit
919 1464 1009 1540 digna

77 1547 91 1572 “
99 1541 209 1619 plagis,
220 1545 373 1622 vapulabit
381 1551 398 1571 ’'
408 1549 512 1624 paucis
526 1546 656 1624 quidem,
668 1546 717 1603 sed
729 1558 825 1603 tamen
836 1548 904 1604 vere
915 1564 1008 1620 vapu-

73 1619 157 1693 labit3
185 1625 319 1702 adeoque
346 1627 413 1684 vere
434 1629 577 1705 peccavit.
623 1627 711 1684 Plura
732 1626 763 1683 in
776 1626 853 1685 hanc
866 1644 929 1683 rem
944 1624 1008 1683 loca

72 1700 209 1762 adferunt
224 1706 254 1763 S.
271 1708 356 1764 Bern.
375 1707 471 1783 Epist.
481 1709 580 1777 citata,
591 1717 621 1764 et
632 1707 661 1764 S.
676 1707 799 1765 Hieron.
810 1705 842 1762 in
852 1705 909 1763 fine
919 1705 1008 1782 primi

69 1791 92 1838 at
104 1781 198 1841 initio
212 1784 283 1842 libri·
295 1785 417 1843 se‹·undi
433 1787 628 1865 Dialogorum
643 1799 744 1844 contra
766 1786 947 1863 Pelagianos.

104 1862 258 1922 Probatur
286 1865 327 1924 2⁰.
356 1869 371 1924 a
395 1868 528 1936 ratione;
551 1868 621 1945 quii
643 1867 810 1942 ignorantia
832 1877 1009 1944 potestesse

66 1940 245 2012 voluntaria,
269 1956 300 2003 et
320 1956 423 2004 contra
446 1948 543 2024 legem
571 1947 773 2023 obligantemt
798 1947 869 2003 hinc
889 1945 963 2003 dicit
977 1947 1006 2004 S.

65 2019 174 2079 Thom.
186 2039 280 2101 quaest
292 2026 338 2090 76.
351 2037 404 2083 art.
420 2035 447 2086 3.
463 2030 493 2084 in
509 2035 528 2060 “
538 2031 645 2104 Corp.''
658 2027 854 2102 ignorantiam
867 2045 1006 2102 essepec-

64 2113 176 2171 catum,
190 2106 351 2163 dummodo
374 2107 412 2164 sit
438 2128 550 2176 eorum,
574 2129 640 2184 quae
655 2107 722 2184 quis
746 2111 820 2165 scire
846 2115 965 2164 tenetur
979 2119 1008 2164 ct

64 2194 174 2258 potest.

105 2265 179 2341 obj.
198 2266 220 2322 l.
237 2266 400 2324 Commune
414 2279 459 2325 est
480 2270 611 2326 axioma:
633 2268 675 2324 nil
687 2266 821 2337 volitum,
834 2265 890 2324 nisi
906 2267 1006 2342 cogni-

68 2354 147 2405 tum:
166 2346 249 2421 atqui
265 2348 345 2423 quod
362 2349 526 2423 ignoratur,
545 2368 604 2404 uon
628 2359 672 2404 est
685 2349 847 2424 cognitum,
862 2367 933 2424 ergo
947 2367 1006 2403 non

71 2435 113 2480 est
128 2425 270 2485 volitum:
285 2428 419 2504 adeoque
433 2448 488 2486 nec
499 2428 707 2485 voluntarium.

111 2505 146 2560 V.
165 2506 198 2562 R.
217 2507 291 2562 bist.
307 2508 375 2585 maj.
394 2507 431 2564 1⁰.
446 2508 520 2565 nihil
536 2508 670 2576 volitum,
691 2507 747 2563 nisi
772 2506 924 2583 cognitum
939 2519 1006 2564 actu

74 2583 117 2639 vel
132 2586 251 2652 virtute,
263 2589 393 2645 concedo
406 2588 474 2664 maj.
490 2589 546 2646 nisi
560 2588 708 2664 cognitum
724 2606 839 2663 semper
852 2586 1007 2645 actualiter

75 2677 100 2719 et
114 2665 140 2720 in
155 2685 197 2733 se,
225 2685 302 2742 nego
316 2669 383 2745 maj.
400 2669 451 2745 qui
467 2670 543 2724 enim
560 2678 658 2744 potest
672 2679 700 2725 et
715 2666 804 2724 debet
818 2686 1004 2744 cognoscere.

76 2746 219 2819 'cognoscit
233 2747 400 2805 virtualiter
415 2768 466 2804 seu
478 2748 699 2824 aequivalenter.

109 2825 147 2879 2⁰.
166 2826 249 2882 Nihil
272 2828 395 2884 volitum
410 2827 531 2895 directe,
546 2829 600 2884 nisi
617 2828 778 2903 cognitum,
792 2825 921 2883 concedo
935 2829 1004 2905 maj.

77 2903 141 2960 nihil
158 2905 280 2962 volitum
306 2908 450 2966 indirecte
464 2919 493 2965 et
518 2908 750 2984 interpretativi,
764 2907 821 2963 nisi
841 2908 1003 2982 cognitum,

77 3002 142 3059 nego
156 2985 225 3062 maj.
240 2987 327 3043 datur
341 2989 421 3044 enim
434 2988 558 3045 volitum
571 2989 721 3056 indirecte,
736 2987 813 3044 sicut
826 2997 856 3044 et
869 2986 1004 3046 volunta-

77 3063 152 3134 rium,
170 3066 251 3141 quod
266 3080 331 3123 actu
347 3088 406 3124 nou
422 3079 466 3124 est
481 3070 643 3144 cognitum.

108 3145 176 3221 obj.
196 3146 237 3202 ll.
253 3149 341 3206 Joan.
364 3167 428 3224 cap.
444 3158 471 3216 9.
489 3169 515 3205 ν.
529 3157 578 3206 41.
592 3147 665 3206 dicit
680 3147 817 3206 Christus
833 3146 1001 3205 Pharisaeis:

76 3223 129 3281 “Si
145 3226 218 3283 coeci
234 3228 335 3285 essetis
350 3247 408 3284 non
423 3228 570 3286 haberetis
584 3241 740 3304 peccatum
751 3230 780 3298 ;’'
801 3247 872 3304 ergo
884 3227 1003 3285 coecitas

75 3322 115 3360 seu
129 3305 296 3383 ignorantia
310 3322 433 3365 excusat
446 3310 483 3365 ab
498 3310 578 3365 omni
593 3321 724 3385 peccatu.

106 3387 139 3442 li.
155 3387 250 3445 iuxta
266 3389 293 3444 S.
310 3390 390 3464 Aug.
407 3391 458 3447 Tr.
474 3397 521 3446 44.
543 3391 572 3445 iu
597 3391 742 3448 Juarmem
763 3406 865 3444 sensus
893 3397 953 3444 est:
977 3388 1000 3444 si

72 3467 278 3541 cognosceretis
294 3489 345 3525 vos
360 3489 423 3525 esse
447 3489 550 3537 coecOS,
575 3489 634 3526 utin
657 3467 803 3525 haberetis
826 3478 979 3543 peccatum
992 3492 1001 3537 5

69 3545 129 3620 quia
145 3557 219 3603 tunc
234 3549 390 3606 curreretis
411 3549 448 3606 ad
472 3548 620 3607 medicum
644 3549 805 3616 Christum,
834 3547 886 3623 qui
911 3566 963 3604 voa
986 3551 999 3602 al

69 3626 197 3684 coecitate
208 3637 239 3684 et
247 3629 376 3704 peccatis
384 3629 538 3687 liberaret:
547 3630 607 3706 jam
619 3629 688 3686 verb
700 3628 863 3686 coecitatem
874 3638 1000 3684 vestram

66 3721 117 3762 uon
133 3706 225 3766 vultis
240 3727 407 3785 agnoscere,
423 3719 453 3766 et
467 3708 534 3766 ideo
548 3721 646 3767 manet
659 3720 812 3784 peccatum
825 3717 966 3764 vestrum.
