2160 4072
793 35 1062 47 ----—-——-

275 117 321 161 nu
338 116 490 163 smnus
507 72 685 163 murrinis.
888 100 958 167 U

53 260 84 321 ln
91 260 370 341 &multllm
381 266 476 343 exigit
485 265 584 343 Iugur
594 267 724 335 mmsis,
737 264 829 323 siurtd
842 266 962 344 exigere

53 342 694 424 uetur,.ut÷homuinojus.nottmmpraetice
703 344 963 423 devmiuepouit3

53 440 95 493 un,
109 425 244 484 sina-ists
252 424 428 495 umloialcx
436 427 522 485 nullo
534 426 624 484 ruodo
641 425 771 502 dirigere
783 438 882 502 quest.

53 500 143 569 illinc
155 504 246 565 utino
267 502 351 564 Deos
378 507 477 565 media
497 506 549 565 illa
568 507 708 584 promisit
728 504 765 562 -in
779 506 868 565 vatis
890 507 963 568 locis

53 582 182 661 Ιίμω
197 586 304 655 samu
326 587 504 662 quaenidcri
524 597 652 663 possunt
673 586 756 664 apud
777 586 962 664 Steyaetiu

120 665 375 742 diosadprimum
386 678 501 743 partum
514 666 759 744 aphorismorum.

55 764 70 781 ··
88 742 133 804 u.
158 747 312 804 suonam
325 749 367 804 2⁰.
378 766 419 804 ex
430 749 589 824 Scriptum
613 747 792 824 sacramus
814 767 962 825 nusquam

53 836 275 911 praerogemus
290 838 391 885 cmm
407 827 503 903 legem
515 838 637 895 naturus,
653 827 734 886 sedo
746 841 851 886 contra
860 847 962 889 omnes

53 903 277 969 indistinctione
287 906 421 965 damnat:
435 908 477 966 sic
491 908 528 964 ad
546 909 628 967 Rom.
643 927 706 984 cap.
722 917 750 966 2.
764 927 792 964 v.
808 915 851 966 12.
865 911 962 986 Apos-

53 978 98 1041 ἡ
109 986 287 1062 generalitor
300 987 490 1064 pronuntiat:
505 995 525 1021 “
536 987 728 1065 Quicumque
742 987 805 1047 sine
818 988 963 1066 legepec-

53 1064 206 1136 iuuerunt,
231 1067 294 1125 sinc
317 1067 384 1144 lege
406 1069 575 1144 peribunt”
597 1067 739 1126 Similiter
766 1069 817 1126 SS.
852 1071 961 1140 Patres,

53 1141 193 1213 'lli-facti
208 1145 397 1206 districtione
410 1148 488 1206 inter
500 1148 597 1224 prima
610 1149 758 1225 principia
769 1159 801 1206 et
813 1150 960 1208 conclusi-

53 1226 274 1291 perenuium
284 1229 361 1307 juris
374 1238 489 1287 naturae
504 1229 586 1305 (quae
608 1228 759 1287 distinctio
774 1229 901 1305 primum
915 1231 961 1288 in-

53 1305 254 1366 biuota‘fuitl
267 1309 298 1366 S.
311 1308 434 1388 Thom.)
449 1307 626 1386 generaliter
636 1328 754 1366 omnem
764 1309 961 1385 ignorantium

53 1386 178 1445 usticam
196 1389 274 1466 juris
287 1400 401 1446 naturae
415 1388 621 1448 condemnant.

63 1466 161 1544 Hujus
171 1470 324 1527 sententia
337 1481 417 1540 sunt,
431 1481 508 1528 teste
522 1470 663 1544 vesques,
678 1488 782 1527 ornnes
795 1474 871 1545 pene
886 1472 962 1529 anti·

53 1545 275 1607 n'Scholastici:
286 1549 362 1607 -hinc
375 1551 417 1608 ait
431 1550 547 1608 Gerson
560 1570 569 1608 t
580 1557 599 1581 “
615 1552 746 1608 Concors
754 1563 804 1609 -est
817 1551 963 1611 sententia

53 1628 162 1686 nnllam
174 1630 206 1686 in
217 1629 272 1697 his,
291 1650 358 1707 quae
375 1630 463 1708 Legis
478 1629 596 1689 Divinoe
610 1641 689 1700 sunt,
703 1630 809 1689 cadere
822 1632 962 1708 ignorun-

53 1708 120 1766 Επεὶ
134 1709 366 1768 invincibilem.¹’

55 1792 105 1847 alu
113 1808 190 1866 ergo
202 1789 304 1858 idiotu,
316 1790 349 1857 si,
365 1790 446 1867 quod
456 1792 487 1848 in
500 1811 533 1848 se
542 1802 595 1860 est,
605 1791 704 1859 sociat,
713 1812 830 1869 semper
840 1793 962 1851 instrui-

53 1870 161 1929 tcirca
174 1871 404 1928 abstrusissimus
425 1871 627 1930 conclusiones
646 1871 725 1948 juris
738 1883 862 1942 naturae,
890 1892 959 1949 ug.

53 1949 276 2027 nuimplicatos
290 1961 467 2022 contractus,
497 1952 616 2028 mrando
637 1952 751 2011 occurit
762 1953 837 2011 tutio
844 1953 961 2030 -agendi

54 2029 299 2090 lcontruhcndi?

57 2110 145 2169 VIII.
163 2111 197 2168 R.
212 2110 245 2168 id
261 2123 381 2170 nonest
402 2132 535 2172 necesse:
563 2112 617 2170 aad
638 2111 752 2169 sufficit
773 2108 960 2185 alterutrum,

55 2211 125 2269 mpe
139 2192 222 2269 quod
244 2193 417 2262 instruatur,
439 2194 484 2251 vel
511 2193 592 2271 quod
600 2192 747 2269 eripiatur
758 2212 795 2251 ex
809 2195 962 2254 occasione

53 2271 146 2343 trudi:
173 2272 350 2330 alterutrum
364 2285 573 2352 consequetur,
599 2273 735 2331 simediu
755 2275 847 2331 Num.
873 2278 958 2351 praec

53 2352 110 2411 luta
123 2352 274 2422 abhibeat,
294 2364 325 2410 et
338 2353 380 2412 sic
396 2372 455 2410 non
469 2365 546 2432 «aget
560 2363 663 2413 contra
682 2353 734 2431 jus
758 2364 885 2423 naturae,
906 2375 961 2415 sou

53 2432 147 2493 uniet
158 2433 354 2508 ignorantiam
368 2433 477 2492 vincet.

58 2513 235 2572 Notandum
248 2524 356 2584 tamen,
382 2515 473 2591 quod,
485 2515 561 2574 dum
577 2514 686 2573 dicitur
700 2525 799 2572 tamen
811 2513 961 2573 instruen-

53 2614 89 2665 un
106 2593 156 2651 vel
169 2593 353 2670 eripiendum
369 2615 407 2652 ex
421 2593 657 2665 circumstantiis,
671 2614 726 2671 per
739 2594 963 2654 instructionem

53 2696 78 2733 m
99 2672 296 2751 intelligatur,
311 2676 392 2753 quod
404 2676 470 2733 talis
491 2694 607 2752 semper
620 2676 659 2731 sit
672 2675 871 2752 acquisitums
883 2676 961 2735 noti-

53 2775 88 2813 uu
102 2765 214 2814 cartmn
229 2754 266 2811 de
281 2759 447 2814 contractus
459 2755 587 2815 liceitstc
597 2754 645 2812 vel
657 2755 818 2824 illicaitate‚
832 2755 885 2814 scd
899 2757 961 2815 suf·

53 2835 108 2905 iot,
133 2835 214 2912 quod
241 2835 298 2912 ipsi
320 2848 455 2894 occurrat
475 2837 600 2894 dubium
620 2833 744 2911 aliquod
764 2836 813 2893 vel
833 2837 962 2915 suspicio

53 2934 98 2975 roa
107 2917 290 2991 honestatem
305 2921 473 2976 contractus
484 2942 493 2988 ;
514 2917 571 2975 hoc
584 2916 651 2993 ipso
662 2916 741 2973 enim
751 2916 882 2994 practice
897 2937 960 2988 cor-

53 3016 68 3057 s
81 3007 128 3055 est
141 3015 174 3054 se
183 2997 221 3054 ab
235 3016 270 3053 eo
283 2995 392 3054 debere
406 3001 563 3058 abstinere.
877 3038 881 3047 ·

58 3077 132 3156 obj.
146 3077 170 3134 l.
185 3076 324 3136 Jacobin
338 3096 456 3137 accessu
466 3078 505 3136 ad
520 3078 604 3136 Liam
615 3077 692 3135 Gen.
706 3079 791 3147 αὩς).
805 3089 962 3137 excusatus

53 3169 64 3216 t
77 3157 97 3216 I
109 3168 233 3235 peccato
244 3177 297 3233 per
311 3155 524 3234 ignorantiam:
549 3157 633 3234 atqui
646 3156 698 3215 illa
711 3168 775 3216 erat
784 3157 862 3235 juris
875 3171 961 3215 natu-

53 3258 79 3297 r:
95 3258 128 3296 er
151 3259 178 3307 o,
193 3248 248 3295 etc.

59 3316 75 3375 I
79 3314 118 3376 X.
128 3259 170 3375 II.
186 3319 274 3394 Nego
288 3318 354 3375 min.
374 3320 445 3396 quia
458 3330 520 3378 erat
533 3318 700 3396 ignorantia
713 3318 781 3395 puri
795 3317 876 3388 facti,
901 3336 961 3375 non

53 3398 114 3470 ris;
136 3415 206 3455 narn
220 3400 315 3458 Iacob
330 3401 440 3458 sciebat
464 3401 562 3475 legem
577 3418 630 3456 seu
640 3399 692 3476 jus
705 3397 867 3475 prohibens
879 3416 961 3457 acce-

53 3498 91 3537 ‚re
102 3477 146 3538 od
156 3497 217 3536 non
230 3499 331 3538 suam:
345 3483 572 3539 accessitautem
586 3479 624 3536 ed
641 3478 740 3547 Liam,
750 3477 963 3537 invincibilite

52 3569 129 3618 rtuns
144 3578 207 3618 esse
224 3561 381 3618 Rachelem
392 3581 445 3619 seu
454 3579 547 3630 suam,
559 3578 626 3636 quae
636 3568 682 3616 est
691 3559 857 3634 ignorantia
871 3558 961 3618 facti:

53 3652 99 3699 cta
108 3650 211 3698 eutem
222 3639 434 3700 invincibiliter
449 3640 578 3718 ignorari
592 3652 722 3717 possunt.

53 3796 207 3855 :smum
218 3799 281 3856 Act.
301 3798 429 3861 Hauon.
514 3822 535 3862 'r
