<?xml version="1.0" encoding="UTF-8"?>
<!DOCTYPE html PUBLIC "-//W3C//DTD XHTML 1.0 Transitional//EN"
    "http://www.w3.org/TR/xhtml1/DTD/xhtml1-transitional.dtd">
<html xmlns="http://www.w3.org/1999/xhtml" xml:lang="en" lang="en">
 <head>
  <title>
</title>
<meta http-equiv="Content-Type" content="text/html;charset=utf-8" />
  <meta name='ocr-system' content='tesseract 3.04.00' />
  <meta name='ocr-capabilities' content='ocr_page ocr_carea ocr_par ocr_line ocrx_word'/>
</head>
<body>
  <div class='ocr_page' id='page_1' title='image "./theologiamorali00densgoog_0229.png"; bbox 0 0 2160 4072; ppageno 0'>
   <div class='ocr_carea' id='block_1_1' title="bbox 98 86 761 165">
    <p class='ocr_par' dir='ltr' id='par_1_1' title="bbox 98 86 761 165">
     <span class='ocr_line' id='line_1_1' title="bbox 98 86 761 165; baseline 0.003 -3"><span class='ocrx_word' id='word_1_1' title='bbox 98 86 165 155; x_wconf 60' lang='grc' dir='ltr'>Ἀθ</span> <span class='ocrx_word' id='word_1_2' title='bbox 463 106 668 165; x_wconf 74' lang='lat' dir='ltr'>rascssrss</span> <span class='ocrx_word' id='word_1_3' title='bbox 723 108 726 115; x_wconf 87' lang='lat'>&#39;</span> <span class='ocrx_word' id='word_1_4' title='bbox 757 110 761 117; x_wconf 86' lang='lat'>&#39;</span> 
     </span>
    </p>
   </div>
   <div class='ocr_carea' id='block_1_2' title="bbox 19 246 948 2979">
    <p class='ocr_par' dir='ltr' id='par_1_2' title="bbox 90 246 948 397">
     <span class='ocr_line' id='line_1_2' title="bbox 90 246 948 397; baseline 0.014 -78"><span class='ocrx_word' id='word_1_5' title='bbox 90 254 212 397; x_wconf 37' lang='lat' dir='ltr'>&amp;Spes</span> <span class='ocrx_word' id='word_1_6' title='bbox 226 270 273 321; x_wconf 88' lang='lat' dir='ltr'>est</span> <span class='ocrx_word' id='word_1_7' title='bbox 285 261 364 321; x_wconf 81' lang='lat' dir='ltr'>ciros</span> <span class='ocrx_word' id='word_1_8' title='bbox 375 262 489 323; x_wconf 77' lang='lat' dir='ltr'>borium</span> <span class='ocrx_word' id='word_1_9' title='bbox 502 254 643 337; x_wconf 67' lang='lat' dir='ltr'>amotam,</span> <span class='ocrx_word' id='word_1_10' title='bbox 654 266 794 341; x_wconf 69' lang='lat' dir='ltr'>ardum,</span> <span class='ocrx_word' id='word_1_11' title='bbox 806 270 921 331; x_wconf 73' lang='lat' dir='ltr'>absens</span> <span class='ocrx_word' id='word_1_12' title='bbox 933 246 948 331; x_wconf 72' lang='lat' dir='ltr'>i</span> 
     </span>
     <span class='ocr_line' id='line_1_3' title="bbox 162 358 190 397; baseline 0 0"><span class='ocrx_word' id='word_1_13' title='bbox 162 358 190 397; x_wconf 82' lang='lat' dir='ltr'>e·</span> 
     </span>
    </p>

    <p class='ocr_par' dir='ltr' id='par_1_3' title="bbox 94 419 948 583">
     <span class='ocr_line' id='line_1_4' title="bbox 139 419 948 509; baseline 0.011 -26"><span class='ocrx_word' id='word_1_14' title='bbox 139 425 312 503; x_wconf 72' lang='lat' dir='ltr'><strong>Desperatio</strong></span> <span class='ocrx_word' id='word_1_15' title='bbox 334 432 380 482; x_wconf 85' lang='lat' dir='ltr'>est</span> <span class='ocrx_word' id='word_1_16' title='bbox 398 425 482 483; x_wconf 77' lang='lat' dir='ltr'>circa</span> <span class='ocrx_word' id='word_1_17' title='bbox 500 426 612 484; x_wconf 89' lang='lat' dir='ltr'>bonum</span> <span class='ocrx_word' id='word_1_18' title='bbox 631 428 739 487; x_wconf 85' lang='lat' dir='ltr'>absens</span> <span class='ocrx_word' id='word_1_19' title='bbox 759 419 948 509; x_wconf 74' lang='lat' dir='ltr'>apprehense</span> 
     </span>
     <span class='ocr_line' id='line_1_5' title="bbox 94 500 718 583; baseline 0.006 -21"><span class='ocrx_word' id='word_1_20' title='bbox 94 504 278 583; x_wconf 85' lang='lat' dir='ltr'>impossibile</span> <span class='ocrx_word' id='word_1_21' title='bbox 289 504 339 562; x_wconf 81' lang='lat' dir='ltr'>vel</span> <span class='ocrx_word' id='word_1_22' title='bbox 351 503 439 562; x_wconf 86' lang='lat' dir='ltr'>nimis</span> <span class='ocrx_word' id='word_1_23' title='bbox 453 500 572 565; x_wconf 71' lang='lat' dir='ltr'>difficile</span> <span class='ocrx_word' id='word_1_24' title='bbox 584 507 718 566; x_wconf 88' lang='lat' dir='ltr'>obtentu.</span> 
     </span>
    </p>

    <p class='ocr_par' dir='ltr' id='par_1_4' title="bbox 44 585 948 724">
     <span class='ocr_line' id='line_1_6' title="bbox 44 585 948 670; baseline 0.017 -33"><span class='ocrx_word' id='word_1_25' title='bbox 44 631 47 637; x_wconf 92' lang='lat'>.</span> <span class='ocrx_word' id='word_1_26' title='bbox 135 588 283 662; x_wconf 78' lang='lat' dir='ltr'>Respecto</span> <span class='ocrx_word' id='word_1_27' title='bbox 300 585 372 643; x_wconf 86' lang='lat' dir='ltr'>mali</span> <span class='ocrx_word' id='word_1_28' title='bbox 388 585 475 643; x_wconf 81' lang='lat' dir='ltr'>ardui</span> <span class='ocrx_word' id='word_1_29' title='bbox 487 585 669 646; x_wconf 84' lang='lat' dir='ltr'>imminentis</span> <span class='ocrx_word' id='word_1_30' title='bbox 681 588 813 648; x_wconf 83' lang='lat' dir='ltr'>necdum</span> <span class='ocrx_word' id='word_1_31' title='bbox 826 608 948 670; x_wconf 71' lang='lat' dir='ltr'>proesen</span> 
     </span>
     <span class='ocr_line' id='line_1_7' title="bbox 95 665 386 724; baseline 0.003 -2"><span class='ocrx_word' id='word_1_32' title='bbox 95 666 184 724; x_wconf 86' lang='lat' dir='ltr'>timor</span> <span class='ocrx_word' id='word_1_33' title='bbox 197 676 228 723; x_wconf 87' lang='lat' dir='ltr'>et</span> <span class='ocrx_word' id='word_1_34' title='bbox 240 665 386 724; x_wconf 77' lang='lat' dir='ltr'>audacia-</span> 
     </span>
    </p>

    <p class='ocr_par' dir='ltr' id='par_1_5' title="bbox 94 745 948 905">
     <span class='ocr_line' id='line_1_8' title="bbox 135 745 948 825; baseline 0.009 -20"><span class='ocrx_word' id='word_1_35' title='bbox 135 748 182 805; x_wconf 85' lang='lat' dir='ltr'>Ex</span> <span class='ocrx_word' id='word_1_36' title='bbox 190 745 269 803; x_wconf 89' lang='lat' dir='ltr'>mulo</span> <span class='ocrx_word' id='word_1_37' title='bbox 279 746 373 804; x_wconf 70' lang='lat' dir='ltr'>ardiso</span> <span class='ocrx_word' id='word_1_38' title='bbox 383 746 520 825; x_wconf 66' lang='lat' dir='ltr'>presenti</span> <span class='ocrx_word' id='word_1_39' title='bbox 532 747 665 806; x_wconf 76' lang='lat' dir='ltr'>nuscitur</span> <span class='ocrx_word' id='word_1_40' title='bbox 678 749 847 818; x_wconf 61' lang='lat' dir='ltr'>immitens</span> <span class='ocrx_word' id='word_1_41' title='bbox 857 752 948 812; x_wconf 78' lang='lat' dir='ltr'>illudi</span> 
     </span>
     <span class='ocr_line' id='line_1_9' title="bbox 94 826 765 905; baseline 0.007 -21"><span class='ocrx_word' id='word_1_42' title='bbox 94 828 165 895; x_wconf 88' lang='lat' dir='ltr'>lere,</span> <span class='ocrx_word' id='word_1_43' title='bbox 180 827 212 883; x_wconf 91' lang='lat' dir='ltr'>in</span> <span class='ocrx_word' id='word_1_44' title='bbox 224 826 414 905; x_wconf 74' lang='lat' dir='ltr'>:equivalenti</span> <span class='ocrx_word' id='word_1_45' title='bbox 426 827 581 887; x_wconf 86' lang='lat' dir='ltr'>reddendo</span> <span class='ocrx_word' id='word_1_46' title='bbox 594 828 765 890; x_wconf 79' lang='lat' dir='ltr'>vindictam.</span> 
     </span>
    </p>

    <p class='ocr_par' dir='ltr' id='par_1_6' title="bbox 90 908 948 1552">
     <span class='ocr_line' id='line_1_10' title="bbox 136 908 948 986; baseline 0.009 -21"><span class='ocrx_word' id='word_1_47' title='bbox 136 909 178 965; x_wconf 91' lang='lat' dir='ltr'>ll.</span> <span class='ocrx_word' id='word_1_48' title='bbox 199 909 293 967; x_wconf 83' lang='lat' dir='ltr'>Juxta</span> <span class='ocrx_word' id='word_1_49' title='bbox 316 908 344 965; x_wconf 89' lang='lat' dir='ltr'>S.</span> <span class='ocrx_word' id='word_1_50' title='bbox 360 908 467 967; x_wconf 89' lang='lat' dir='ltr'>Thom.</span> <span class='ocrx_word' id='word_1_51' title='bbox 487 918 591 986; x_wconf 75' lang='lat' dir='ltr'>quest.</span> <span class='ocrx_word' id='word_1_52' title='bbox 607 916 657 967; x_wconf 67' lang='lat' dir='ltr'>bs.</span> <span class='ocrx_word' id='word_1_53' title='bbox 679 920 735 967; x_wconf 86' lang='lat' dir='ltr'>art.</span> <span class='ocrx_word' id='word_1_54' title='bbox 750 918 780 970; x_wconf 84' lang='grc'>3.</span> <span class='ocrx_word' id='word_1_55' title='bbox 798 911 844 970; x_wconf 84' lang='lat' dir='ltr'>ira</span> <span class='ocrx_word' id='word_1_56' title='bbox 868 916 948 972; x_wconf 77' lang='lat' dir='ltr'>nonj</span> 
     </span>
     <span class='ocr_line' id='line_1_11' title="bbox 94 988 931 1071; baseline 0.006 -24"><span class='ocrx_word' id='word_1_57' title='bbox 94 989 258 1067; x_wconf 76' lang='lat' dir='ltr'>passionem</span> <span class='ocrx_word' id='word_1_58' title='bbox 275 988 332 1046; x_wconf 92' lang='lat' dir='ltr'>sibi</span> <span class='ocrx_word' id='word_1_59' title='bbox 352 989 544 1047; x_wconf 87' lang='lat' dir='ltr'>contrariam:</span> <span class='ocrx_word' id='word_1_60' title='bbox 570 1008 630 1045; x_wconf 90' lang='lat' dir='ltr'>non</span> <span class='ocrx_word' id='word_1_61' title='bbox 644 1009 681 1047; x_wconf 85' lang='lat' dir='ltr'>ex</span> <span class='ocrx_word' id='word_1_62' title='bbox 698 1001 783 1066; x_wconf 84' lang='lat' dir='ltr'>parte</span> <span class='ocrx_word' id='word_1_63' title='bbox 801 992 912 1071; x_wconf 85' lang='lat' dir='ltr'>objecti</span> <span class='ocrx_word' id='word_1_64' title='bbox 921 1019 931 1065; x_wconf 90' lang='lat'>;</span> 
     </span>
     <span class='ocr_line' id='line_1_12' title="bbox 96 1068 939 1149; baseline 0.007 -22"><span class='ocrx_word' id='word_1_65' title='bbox 96 1068 164 1127; x_wconf 78' lang='lat' dir='ltr'>cim</span> <span class='ocrx_word' id='word_1_66' title='bbox 177 1070 221 1126; x_wconf 82' lang='lat' dir='ltr'>ira</span> <span class='ocrx_word' id='word_1_67' title='bbox 234 1088 289 1145; x_wconf 88' lang='lat' dir='ltr'>pro</span> <span class='ocrx_word' id='word_1_68' title='bbox 302 1068 420 1149; x_wconf 86' lang='lat' dir='ltr'>objectp</span> <span class='ocrx_word' id='word_1_69' title='bbox 430 1069 539 1126; x_wconf 89' lang='lat' dir='ltr'>babeat</span> <span class='ocrx_word' id='word_1_70' title='bbox 547 1068 660 1127; x_wconf 82' lang='lat' dir='ltr'>malum</span> <span class='ocrx_word' id='word_1_71' title='bbox 674 1070 802 1128; x_wconf 76' lang='lat' dir='ltr'>arduum</span> <span class='ocrx_word' id='word_1_72' title='bbox 810 1092 939 1149; x_wconf 84' lang='lat' dir='ltr'>praeseus</span> 
     </span>
     <span class='ocr_line' id='line_1_13' title="bbox 94 1144 948 1232; baseline 0.007 -25"><span class='ocrx_word' id='word_1_73' title='bbox 94 1150 162 1209; x_wconf 81' lang='lat' dir='ltr'>vult</span> <span class='ocrx_word' id='word_1_74' title='bbox 173 1149 335 1219; x_wconf 86' lang='lat' dir='ltr'>vindicare,</span> <span class='ocrx_word' id='word_1_75' title='bbox 354 1149 534 1208; x_wconf 85' lang='lat' dir='ltr'>contrarium</span> <span class='ocrx_word' id='word_1_76' title='bbox 547 1149 698 1227; x_wconf 77' lang='lat' dir='ltr'>objectum</span> <span class='ocrx_word' id='word_1_77' title='bbox 712 1144 756 1208; x_wconf 78' lang='lat' dir='ltr'>est</span> <span class='ocrx_word' id='word_1_78' title='bbox 767 1152 882 1210; x_wconf 88' lang='lat' dir='ltr'>bonum</span> <span class='ocrx_word' id='word_1_79' title='bbox 896 1174 948 1232; x_wconf 83' lang='lat' dir='ltr'>pre</span> 
     </span>
     <span class='ocr_line' id='line_1_14' title="bbox 94 1229 948 1309; baseline -0.002 -18"><span class='ocrx_word' id='word_1_80' title='bbox 94 1230 133 1290; x_wconf 81' lang='lat' dir='ltr'>&#39;de</span> <span class='ocrx_word' id='word_1_81' title='bbox 146 1250 208 1305; x_wconf 88' lang='lat' dir='ltr'>quo</span> <span class='ocrx_word' id='word_1_82' title='bbox 218 1229 334 1289; x_wconf 80' lang='lat' dir='ltr'>tannim</span> <span class='ocrx_word' id='word_1_83' title='bbox 352 1240 396 1287; x_wconf 88' lang='lat' dir='ltr'>est</span> <span class='ocrx_word' id='word_1_84' title='bbox 410 1229 563 1306; x_wconf 85' lang='lat' dir='ltr'>gaudium,</span> <span class='ocrx_word' id='word_1_85' title='bbox 586 1248 655 1306; x_wconf 79' lang='lat' dir='ltr'>qus:</span> <span class='ocrx_word' id='word_1_86' title='bbox 673 1232 771 1307; x_wconf 86' lang='lat' dir='ltr'>passio</span> <span class='ocrx_word' id='word_1_87' title='bbox 787 1234 917 1309; x_wconf 82' lang='lat' dir='ltr'><strong>pertinet</strong></span> <span class='ocrx_word' id='word_1_88' title='bbox 929 1256 948 1291; x_wconf 71' lang='lat' dir='ltr'>a:</span> 
     </span>
     <span class='ocr_line' id='line_1_15' title="bbox 90 1309 948 1388; baseline 0.002 -18"><span class='ocrx_word' id='word_1_89' title='bbox 90 1313 219 1388; x_wconf 87' lang='lat' dir='ltr'>petitum</span> <span class='ocrx_word' id='word_1_90' title='bbox 241 1309 519 1387; x_wconf 77' lang='lat' dir='ltr'>concupiscibilem:</span> <span class='ocrx_word' id='word_1_91' title='bbox 541 1328 640 1387; x_wconf 90' lang='lat' dir='ltr'>neque</span> <span class='ocrx_word' id='word_1_92' title='bbox 653 1310 709 1367; x_wconf 89' lang='lat' dir='ltr'>alia</span> <span class='ocrx_word' id='word_1_93' title='bbox 719 1313 821 1388; x_wconf 79' lang='lat' dir='ltr'>passio</span> <span class='ocrx_word' id='word_1_94' title='bbox 840 1325 948 1372; x_wconf 83' lang='lat' dir='ltr'>contrsr</span> 
     </span>
     <span class='ocr_line' id='line_1_16' title="bbox 93 1389 948 1469; baseline 0.004 -20"><span class='ocrx_word' id='word_1_95' title='bbox 93 1394 145 1451; x_wconf 78' lang='lat' dir='ltr'>iras</span> <span class='ocrx_word' id='word_1_96' title='bbox 158 1410 195 1451; x_wconf 86' lang='lat' dir='ltr'>ex</span> <span class='ocrx_word' id='word_1_97' title='bbox 208 1402 292 1469; x_wconf 81' lang='lat' dir='ltr'>parte</span> <span class='ocrx_word' id='word_1_98' title='bbox 303 1392 436 1449; x_wconf 83' lang='lat' dir='ltr'>recessbs</span> <span class='ocrx_word' id='word_1_99' title='bbox 450 1391 487 1447; x_wconf 89' lang='lat' dir='ltr'>ab</span> <span class='ocrx_word' id='word_1_100' title='bbox 500 1389 618 1467; x_wconf 88' lang='lat' dir='ltr'>objecto</span> <span class='ocrx_word' id='word_1_101' title='bbox 632 1410 706 1461; x_wconf 83' lang='lat' dir='ltr'>su03</span> <span class='ocrx_word' id='word_1_102' title='bbox 728 1393 807 1469; x_wconf 86' lang='lat' dir='ltr'>quia,</span> <span class='ocrx_word' id='word_1_103' title='bbox 823 1395 893 1451; x_wconf 79' lang='lat' dir='ltr'>clun</span> <span class='ocrx_word' id='word_1_104' title='bbox 907 1394 948 1452; x_wconf 76' lang='lat' dir='ltr'>ills</span> 
     </span>
     <span class='ocr_line' id='line_1_17' title="bbox 91 1469 948 1552; baseline 0.004 -22"><span class='ocrx_word' id='word_1_105' title='bbox 91 1474 204 1532; x_wconf 85' lang='lat' dir='ltr'>malurn</span> <span class='ocrx_word' id='word_1_106' title='bbox 217 1490 355 1552; x_wconf 64' lang='lat' dir='ltr'>presens,</span> <span class='ocrx_word' id='word_1_107' title='bbox 369 1470 547 1549; x_wconf 74' lang='lat' dir='ltr'>passioque:</span> <span class='ocrx_word' id='word_1_108' title='bbox 559 1471 598 1528; x_wconf 88' lang='lat' dir='ltr'>ab</span> <span class='ocrx_word' id='word_1_109' title='bbox 611 1469 665 1529; x_wconf 89' lang='lat' dir='ltr'>illo</span> <span class='ocrx_word' id='word_1_110' title='bbox 677 1472 839 1544; x_wconf 81' lang='lat' dir='ltr'>recederet,</span> <span class='ocrx_word' id='word_1_111' title='bbox 854 1474 948 1532; x_wconf 81' lang='lat' dir='ltr'>forest</span> 
     </span>
    </p>

    <p class='ocr_par' dir='ltr' id='par_1_7' title="bbox 19 1549 948 1712">
     <span class='ocr_line' id='line_1_18' title="bbox 19 1549 948 1632; baseline 0 -20"><span class='ocrx_word' id='word_1_112' title='bbox 19 1624 22 1631; x_wconf 13' lang='grc' dir='ltr'><strong>ῃ</strong></span> <span class='ocrx_word' id='word_1_113' title='bbox 89 1555 142 1624; x_wconf 77' lang='lat' dir='ltr'>tia,</span> <span class='ocrx_word' id='word_1_114' title='bbox 164 1568 229 1632; x_wconf 70' lang='lat' dir='ltr'>que</span> <span class='ocrx_word' id='word_1_115' title='bbox 248 1551 355 1610; x_wconf 84' lang='lat' dir='ltr'>iterdm</span> <span class='ocrx_word' id='word_1_116' title='bbox 369 1551 497 1628; x_wconf 81' lang='lat' dir='ltr'>pertinet</span> <span class='ocrx_word' id='word_1_117' title='bbox 510 1549 549 1607; x_wconf 90' lang='lat' dir='ltr'>ad</span> <span class='ocrx_word' id='word_1_118' title='bbox 562 1550 834 1627; x_wconf 81' lang='lat' dir='ltr'>concupiscibilem,</span> <span class='ocrx_word' id='word_1_119' title='bbox 855 1564 886 1612; x_wconf 89' lang='lat' dir='ltr'>et</span> <span class='ocrx_word' id='word_1_120' title='bbox 897 1572 948 1612; x_wconf 86' lang='lat' dir='ltr'>non</span> 
     </span>
     <span class='ocr_line' id='line_1_19' title="bbox 87 1633 452 1712; baseline -0.011 -19"><span class='ocrx_word' id='word_1_121' title='bbox 87 1634 148 1693; x_wconf 75' lang='lat' dir='ltr'>”sed</span> <span class='ocrx_word' id='word_1_122' title='bbox 160 1633 272 1712; x_wconf 87' lang='lat' dir='ltr'>gaudio</span> <span class='ocrx_word' id='word_1_123' title='bbox 284 1633 452 1708; x_wconf 81' lang='lat' dir='ltr'>opponitur.</span> 
     </span>
    </p>

    <p class='ocr_par' dir='ltr' id='par_1_8' title="bbox 86 1710 948 2017">
     <span class='ocr_line' id='line_1_20' title="bbox 134 1710 948 1792; baseline 0 -18"><span class='ocrx_word' id='word_1_124' title='bbox 134 1716 261 1775; x_wconf 74' lang='lat' dir='ltr'>Sanctus</span> <span class='ocrx_word' id='word_1_125' title='bbox 272 1715 401 1788; x_wconf 84' lang='lat' dir='ltr'>August.</span> <span class='ocrx_word' id='word_1_126' title='bbox 411 1710 546 1769; x_wconf 86' lang='lat' dir='ltr'>defmivit</span> <span class='ocrx_word' id='word_1_127' title='bbox 554 1713 814 1787; x_wconf 85' lang='lat' dir='ltr'>omnes-passiones</span> <span class='ocrx_word' id='word_1_128' title='bbox 823 1732 879 1792; x_wconf 88' lang='lat' dir='ltr'>per</span> <span class='ocrx_word' id='word_1_129' title='bbox 886 1735 948 1774; x_wconf 83' lang='lat' dir='ltr'>emo</span> 
     </span>
     <span class='ocr_line' id='line_1_21' title="bbox 91 1790 944 1874; baseline 0 -20"><span class='ocrx_word' id='word_1_130' title='bbox 91 1798 162 1874; x_wconf 86' lang='lat' dir='ltr'>quia</span> <span class='ocrx_word' id='word_1_131' title='bbox 170 1813 251 1853; x_wconf 86' lang='lat' dir='ltr'>amor</span> <span class='ocrx_word' id='word_1_132' title='bbox 261 1803 306 1850; x_wconf 87' lang='lat' dir='ltr'>est</span> <span class='ocrx_word' id='word_1_133' title='bbox 313 1790 397 1868; x_wconf 89' lang='lat' dir='ltr'>origo</span> <span class='ocrx_word' id='word_1_134' title='bbox 407 1792 538 1849; x_wconf 89' lang='lat' dir='ltr'>omnium</span> <span class='ocrx_word' id='word_1_135' title='bbox 548 1791 672 1848; x_wconf 87' lang='lat' dir='ltr'>aliarum</span> <span class='ocrx_word' id='word_1_136' title='bbox 681 1792 868 1868; x_wconf 83' lang='lat' dir='ltr'>passionum3</span> <span class='ocrx_word' id='word_1_137' title='bbox 879 1796 944 1854; x_wconf 88' lang='lat' dir='ltr'>ideo</span> 
     </span>
     <span class='ocr_line' id='line_1_22' title="bbox 86 1872 948 1955; baseline -0.002 -20"><span class='ocrx_word' id='word_1_138' title='bbox 86 1876 159 1955; x_wconf 81' lang='lat' dir='ltr'>&#39;quis</span> <span class='ocrx_word' id='word_1_139' title='bbox 167 1875 233 1934; x_wconf 78' lang='lat' dir='ltr'>adit</span> <span class='ocrx_word' id='word_1_140' title='bbox 241 1872 364 1943; x_wconf 83' lang='lat' dir='ltr'>malum,</span> <span class='ocrx_word' id='word_1_141' title='bbox 373 1872 462 1950; x_wconf 80' lang='lat' dir='ltr'>fugit,</span> <span class='ocrx_word' id='word_1_142' title='bbox 472 1872 568 1941; x_wconf 87' lang='lat' dir='ltr'>timet,</span> <span class='ocrx_word' id='word_1_143' title='bbox 579 1879 635 1930; x_wconf 80' lang='lat' dir='ltr'>eto</span> <span class='ocrx_word' id='word_1_144' title='bbox 644 1872 719 1948; x_wconf 78' lang='lat' dir='ltr'>quia</span> <span class='ocrx_word' id='word_1_145' title='bbox 726 1885 808 1933; x_wconf 85' lang='lat' dir='ltr'>amet</span> <span class='ocrx_word' id='word_1_146' title='bbox 817 1875 948 1933; x_wconf 78' lang='lat' dir='ltr'>bonum:</span> 
     </span>
     <span class='ocr_line' id='line_1_23' title="bbox 94 1959 726 2017; baseline -0.005 -1"><span class='ocrx_word' id='word_1_147' title='bbox 94 1959 192 2017; x_wconf 89' lang='lat' dir='ltr'>situm.</span> <span class='ocrx_word' id='word_1_148' title='bbox 717 1982 726 1989; x_wconf 84' lang='lat'>·</span> 
     </span>
    </p>

    <p class='ocr_par' dir='ltr' id='par_1_9' title="bbox 86 2033 948 2425">
     <span class='ocr_line' id='line_1_24' title="bbox 132 2033 947 2110; baseline 0 -16"><span class='ocrx_word' id='word_1_149' title='bbox 132 2037 280 2094; x_wconf 85' lang='lat' dir='ltr'>Observat</span> <span class='ocrx_word' id='word_1_150' title='bbox 305 2033 333 2091; x_wconf 87' lang='lat' dir='ltr'>S.</span> <span class='ocrx_word' id='word_1_151' title='bbox 349 2033 455 2091; x_wconf 91' lang='lat' dir='ltr'>Thom.</span> <span class='ocrx_word' id='word_1_152' title='bbox 476 2044 578 2110; x_wconf 84' lang='lat' dir='ltr'>quaest.</span> <span class='ocrx_word' id='word_1_153' title='bbox 601 2033 697 2102; x_wconf 74' lang='lat' dir='ltr'>citati,</span> <span class='ocrx_word' id='word_1_154' title='bbox 715 2044 774 2092; x_wconf 80' lang='lat' dir='ltr'>art.</span> <span class='ocrx_word' id='word_1_155' title='bbox 788 2043 816 2093; x_wconf 83' lang='lat'>4.</span> <span class='ocrx_word' id='word_1_156' title='bbox 838 2035 870 2092; x_wconf 88' lang='lat' dir='ltr'>in</span> <span class='ocrx_word' id='word_1_157' title='bbox 894 2039 947 2095; x_wconf 88' lang='lat' dir='ltr'>“C</span> 
     </span>
     <span class='ocr_line' id='line_1_25' title="bbox 93 2112 948 2194; baseline -0.005 -20"><span class='ocrx_word' id='word_1_158' title='bbox 93 2117 286 2194; x_wconf 77' lang='lat' dir='ltr'>quodomnes</span> <span class='ocrx_word' id='word_1_159' title='bbox 299 2114 363 2171; x_wconf 83' lang='lat' dir='ltr'>aliae</span> <span class='ocrx_word' id='word_1_160' title='bbox 381 2113 531 2189; x_wconf 81' lang='lat' dir='ltr'>passiones</span> <span class='ocrx_word' id='word_1_161' title='bbox 545 2112 583 2170; x_wconf 89' lang='lat' dir='ltr'>ad</span> <span class='ocrx_word' id='word_1_162' title='bbox 597 2113 736 2171; x_wconf 88' lang='lat' dir='ltr'>undecim</span> <span class='ocrx_word' id='word_1_163' title='bbox 754 2115 913 2191; x_wconf 82' lang='lat' dir='ltr'>pnaedictas</span> <span class='ocrx_word' id='word_1_164' title='bbox 931 2137 948 2173; x_wconf 68' lang='lat' dir='ltr'>r&lt;</span> 
     </span>
     <span class='ocr_line' id='line_1_26' title="bbox 86 2194 948 2274; baseline -0.001 -19"><span class='ocrx_word' id='word_1_165' title='bbox 86 2198 222 2274; x_wconf 75' lang='lat' dir='ltr'>possint:</span> <span class='ocrx_word' id='word_1_166' title='bbox 243 2195 329 2254; x_wconf 82' lang='lat' dir='ltr'>etita</span> <span class='ocrx_word' id='word_1_167' title='bbox 342 2194 424 2252; x_wconf 87' lang='lat' dir='ltr'>zelus</span> <span class='ocrx_word' id='word_1_168' title='bbox 436 2204 467 2252; x_wconf 90' lang='lat' dir='ltr'>et</span> <span class='ocrx_word' id='word_1_169' title='bbox 480 2195 628 2251; x_wconf 70' lang='lat' dir='ltr'>:emulatio</span> <span class='ocrx_word' id='word_1_170' title='bbox 646 2194 833 2252; x_wconf 87' lang='lat' dir='ltr'>reducuntur</span> <span class='ocrx_word' id='word_1_171' title='bbox 851 2197 890 2253; x_wconf 91' lang='lat' dir='ltr'>ad</span> <span class='ocrx_word' id='word_1_172' title='bbox 903 2218 948 2254; x_wconf 87' lang='lat' dir='ltr'>am</span> 
     </span>
     <span class='ocr_line' id='line_1_27' title="bbox 93 2273 948 2352; baseline -0.001 -16"><span class='ocrx_word' id='word_1_173' title='bbox 93 2287 123 2335; x_wconf 87' lang='lat' dir='ltr'>et</span> <span class='ocrx_word' id='word_1_174' title='bbox 132 2276 290 2345; x_wconf 67' lang='lat' dir='ltr'>tristitiam,</span> <span class='ocrx_word' id='word_1_175' title='bbox 298 2273 475 2332; x_wconf 89' lang='lat' dir='ltr'>verecundia</span> <span class='ocrx_word' id='word_1_176' title='bbox 485 2273 523 2332; x_wconf 87' lang='lat' dir='ltr'>ad</span> <span class='ocrx_word' id='word_1_177' title='bbox 531 2274 677 2343; x_wconf 87' lang='lat' dir='ltr'>timorem,</span> <span class='ocrx_word' id='word_1_178' title='bbox 685 2276 849 2352; x_wconf 88' lang='lat' dir='ltr'>compassio</span> <span class='ocrx_word' id='word_1_179' title='bbox 859 2277 897 2335; x_wconf 89' lang='lat' dir='ltr'>ad</span> <span class='ocrx_word' id='word_1_180' title='bbox 905 2298 948 2335; x_wconf 92' lang='lat' dir='ltr'>am</span> 
     </span>
     <span class='ocr_line' id='line_1_28' title="bbox 93 2359 362 2425; baseline -0.022 -10"><span class='ocrx_word' id='word_1_181' title='bbox 93 2368 123 2415; x_wconf 87' lang='lat' dir='ltr'>et</span> <span class='ocrx_word' id='word_1_182' title='bbox 136 2359 293 2425; x_wconf 87' lang='lat' dir='ltr'>tristitiam,</span> <span class='ocrx_word' id='word_1_183' title='bbox 308 2366 362 2413; x_wconf 89' lang='lat' dir='ltr'>ete.</span> 
     </span>
    </p>

    <p class='ocr_par' dir='ltr' id='par_1_10' title="bbox 93 2434 948 2979">
     <span class='ocr_line' id='line_1_29' title="bbox 134 2434 948 2512; baseline 0 -16"><span class='ocrx_word' id='word_1_184' title='bbox 134 2440 165 2496; x_wconf 94' lang='lat' dir='ltr'>ll</span> <span class='ocrx_word' id='word_1_185' title='bbox 188 2481 195 2493; x_wconf 93' lang='grc'><strong>.</strong></span> <span class='ocrx_word' id='word_1_186' title='bbox 216 2436 349 2496; x_wconf 88' lang='lat' dir='ltr'>Tandem</span> <span class='ocrx_word' id='word_1_187' title='bbox 368 2434 531 2492; x_wconf 82' lang='lat' dir='ltr'>notandum</span> <span class='ocrx_word' id='word_1_188' title='bbox 551 2454 618 2492; x_wconf 95' lang='lat' dir='ltr'>cum</span> <span class='ocrx_word' id='word_1_189' title='bbox 635 2436 664 2492; x_wconf 89' lang='lat' dir='ltr'>S.</span> <span class='ocrx_word' id='word_1_190' title='bbox 679 2434 737 2492; x_wconf 87' lang='lat' dir='ltr'>Th.</span> <span class='ocrx_word' id='word_1_191' title='bbox 753 2448 857 2512; x_wconf 75' lang='lat' dir='ltr'>quest.</span> <span class='ocrx_word' id='word_1_192' title='bbox 873 2446 948 2496; x_wconf 75' lang='lat' dir='ltr'>23.a</span> 
     </span>
     <span class='ocr_line' id='line_1_30' title="bbox 93 2514 948 2596; baseline -0.001 -20"><span class='ocrx_word' id='word_1_193' title='bbox 93 2520 125 2576; x_wconf 90' lang='lat' dir='ltr'>in</span> <span class='ocrx_word' id='word_1_194' title='bbox 139 2521 274 2596; x_wconf 73' lang='lat' dir='ltr'>&#39;‘Corp.”</span> <span class='ocrx_word' id='word_1_195' title='bbox 289 2514 368 2594; x_wconf 81' lang='lat' dir='ltr'>qubd</span> <span class='ocrx_word' id='word_1_196' title='bbox 388 2514 538 2591; x_wconf 84' lang='lat' dir='ltr'>passiones</span> <span class='ocrx_word' id='word_1_197' title='bbox 558 2515 709 2591; x_wconf 83' lang='lat' dir='ltr'>appetitbs</span> <span class='ocrx_word' id='word_1_198' title='bbox 729 2517 948 2594; x_wconf 87' lang='lat' dir='ltr'>concupiscibili</span> 
     </span>
     <span class='ocr_line' id='line_1_31' title="bbox 93 2595 948 2676; baseline -0.002 -18"><span class='ocrx_word' id='word_1_199' title='bbox 93 2600 217 2676; x_wconf 72' lang='lat' dir='ltr'>spiciunt</span> <span class='ocrx_word' id='word_1_200' title='bbox 240 2601 350 2656; x_wconf 89' lang='lat' dir='ltr'>bonum</span> <span class='ocrx_word' id='word_1_201' title='bbox 373 2595 519 2665; x_wconf 87' lang='lat' dir='ltr'>sensibile,</span> <span class='ocrx_word' id='word_1_202' title='bbox 541 2595 714 2670; x_wconf 77' lang='lat' dir='ltr'>inquantum</span> <span class='ocrx_word' id='word_1_203' title='bbox 729 2606 773 2652; x_wconf 85' lang='lat' dir='ltr'>est</span> <span class='ocrx_word' id='word_1_204' title='bbox 792 2608 912 2672; x_wconf 88' lang='lat' dir='ltr'>gratum</span> <span class='ocrx_word' id='word_1_205' title='bbox 932 2619 948 2656; x_wconf 88' lang='lat' dir='ltr'>e</span> 
     </span>
     <span class='ocr_line' id='line_1_32' title="bbox 93 2675 948 2753; baseline -0.001 -17"><span class='ocrx_word' id='word_1_206' title='bbox 93 2679 229 2739; x_wconf 81' lang='lat' dir='ltr'>lestabile</span> <span class='ocrx_word' id='word_1_207' title='bbox 254 2677 396 2745; x_wconf 85' lang='lat' dir='ltr'>sensibus,</span> <span class='ocrx_word' id='word_1_208' title='bbox 419 2675 466 2732; x_wconf 90' lang='lat' dir='ltr'>vel</span> <span class='ocrx_word' id='word_1_209' title='bbox 491 2675 600 2732; x_wconf 88' lang='lat' dir='ltr'>malum</span> <span class='ocrx_word' id='word_1_210' title='bbox 621 2675 768 2744; x_wconf 89' lang='lat' dir='ltr'>sensibile,</span> <span class='ocrx_word' id='word_1_211' title='bbox 791 2678 948 2753; x_wconf 81' lang='lat' dir='ltr'>inquannn</span> 
     </span>
     <span class='ocr_line' id='line_1_33' title="bbox 94 2753 948 2836; baseline 0.001 -21"><span class='ocrx_word' id='word_1_212' title='bbox 94 2761 243 2835; x_wconf 75' lang='lat' dir='ltr'>ingratum</span> <span class='ocrx_word' id='word_1_213' title='bbox 264 2758 416 2817; x_wconf 84' lang='lat' dir='ltr'>sensibus:</span> <span class='ocrx_word' id='word_1_214' title='bbox 440 2753 587 2832; x_wconf 72' lang='lat' dir='ltr'>appetitis</span> <span class='ocrx_word' id='word_1_215' title='bbox 611 2755 680 2812; x_wconf 75' lang='lat' dir='ltr'>verti</span> <span class='ocrx_word' id='word_1_216' title='bbox 704 2755 859 2814; x_wconf 81' lang='lat' dir='ltr'>irascibilis</span> <span class='ocrx_word' id='word_1_217' title='bbox 883 2759 948 2836; x_wconf 85' lang='lat' dir='ltr'>obje</span> 
     </span>
     <span class='ocr_line' id='line_1_34' title="bbox 94 2833 946 2898; baseline -0.004 0"><span class='ocrx_word' id='word_1_218' title='bbox 94 2852 138 2898; x_wconf 86' lang='lat' dir='ltr'>est</span> <span class='ocrx_word' id='word_1_219' title='bbox 152 2843 262 2898; x_wconf 92' lang='lat' dir='ltr'>bonum</span> <span class='ocrx_word' id='word_1_220' title='bbox 278 2838 322 2895; x_wconf 89' lang='lat' dir='ltr'>vel</span> <span class='ocrx_word' id='word_1_221' title='bbox 338 2836 448 2894; x_wconf 88' lang='lat' dir='ltr'>malum</span> <span class='ocrx_word' id='word_1_222' title='bbox 465 2833 603 2893; x_wconf 87' lang='lat' dir='ltr'>sensibile</span> <span class='ocrx_word' id='word_1_223' title='bbox 617 2836 673 2893; x_wconf 91' lang='lat' dir='ltr'>sub</span> <span class='ocrx_word' id='word_1_224' title='bbox 689 2837 801 2894; x_wconf 89' lang='lat' dir='ltr'>ratione</span> <span class='ocrx_word' id='word_1_225' title='bbox 815 2837 902 2895; x_wconf 82' lang='lat' dir='ltr'>ardui</span> <span class='ocrx_word' id='word_1_226' title='bbox 915 2850 946 2896; x_wconf 88' lang='lat' dir='ltr'>et</span> 
     </span>
     <span class='ocr_line' id='line_1_35' title="bbox 93 2921 165 2979; baseline -0.014 0"><span class='ocrx_word' id='word_1_227' title='bbox 93 2921 165 2979; x_wconf 86' lang='lat' dir='ltr'>cilis.</span> 
     </span>
    </p>
   </div>
   <div class='ocr_carea' id='block_1_3' title="bbox 95 3075 948 3216">
    <p class='ocr_par' dir='ltr' id='par_1_11' title="bbox 95 3075 948 3216">
     <span class='ocr_line' id='line_1_36' title="bbox 95 3075 948 3142; baseline -0.002 -2"><span class='ocrx_word' id='word_1_228' title='bbox 95 3083 132 3140; x_wconf 87' lang='lat' dir='ltr'>N.</span> <span class='ocrx_word' id='word_1_229' title='bbox 145 3088 192 3142; x_wconf 81' lang='lat'>55.</span> <span class='ocrx_word' id='word_1_230' title='bbox 234 3078 291 3137; x_wconf 87' lang='lat' dir='ltr'>DE</span> <span class='ocrx_word' id='word_1_231' title='bbox 309 3075 586 3135; x_wconf 86' lang='lat' dir='ltr'>PASSIONlBUS</span> <span class='ocrx_word' id='word_1_232' title='bbox 601 3078 876 3138; x_wconf 82' lang='lat' dir='ltr'>COMPARATIS</span> <span class='ocrx_word' id='word_1_233' title='bbox 891 3080 948 3138; x_wconf 86' lang='grc' dir='ltr'>ΑΙ)</span> 
     </span>
     <span class='ocr_line' id='line_1_37' title="bbox 374 3156 758 3216; baseline -0.003 -2"><span class='ocrx_word' id='word_1_234' title='bbox 374 3156 454 3215; x_wconf 91' lang='lat' dir='ltr'>TUS</span> <span class='ocrx_word' id='word_1_235' title='bbox 472 3156 758 3216; x_wconf 83' lang='lat' dir='ltr'>VOLUNTATIS.</span> 
     </span>
    </p>
   </div>
   <div class='ocr_carea' id='block_1_4' title="bbox 95 3314 948 3631">
    <p class='ocr_par' dir='ltr' id='par_1_12' title="bbox 95 3314 948 3631">
     <span class='ocr_line' id='line_1_38' title="bbox 95 3314 948 3399; baseline -0.001 -20"><span class='ocrx_word' id='word_1_236' title='bbox 95 3322 117 3379; x_wconf 93' lang='lat' dir='ltr'>l.</span> <span class='ocrx_word' id='word_1_237' title='bbox 141 3317 312 3399; x_wconf 76' lang='lat' dir='ltr'>Differentia</span> <span class='ocrx_word' id='word_1_238' title='bbox 326 3319 399 3374; x_wconf 81' lang='lat' dir='ltr'>inter</span> <span class='ocrx_word' id='word_1_239' title='bbox 408 3314 555 3393; x_wconf 81' lang='lat' dir='ltr'>passiones</span> <span class='ocrx_word' id='word_1_240' title='bbox 568 3322 593 3372; x_wconf 80' lang='lat' dir='ltr'>et</span> <span class='ocrx_word' id='word_1_241' title='bbox 607 3324 687 3373; x_wconf 69' lang='lat' dir='ltr'>udus</span> <span class='ocrx_word' id='word_1_242' title='bbox 704 3315 862 3376; x_wconf 64' lang='lat' dir='ltr'>muniatis.</span> <span class='ocrx_word' id='word_1_243' title='bbox 906 3322 920 3378; x_wconf 96' lang='lat' dir='ltr'>l</span> <span class='ocrx_word' id='word_1_244' title='bbox 925 3321 948 3378; x_wconf 90' lang='lat'>1.</span> 
     </span>
     <span class='ocr_line' id='line_1_39' title="bbox 133 3393 948 3473; baseline -0.002 -15"><span class='ocrx_word' id='word_1_245' title='bbox 133 3419 176 3458; x_wconf 85' lang='lat' dir='ltr'>mo</span> <span class='ocrx_word' id='word_1_246' title='bbox 197 3404 329 3473; x_wconf 80' lang='lat' dir='ltr'>soporato</span> <span class='ocrx_word' id='word_1_247' title='bbox 353 3393 445 3473; x_wconf 81' lang='lat' dir='ltr'>nequit</span> <span class='ocrx_word' id='word_1_248' title='bbox 465 3395 562 3452; x_wconf 82' lang='lat' dir='ltr'>elicere</span> <span class='ocrx_word' id='word_1_249' title='bbox 581 3395 734 3471; x_wconf 81' lang='lat' dir='ltr'>passiones.</span> <span class='ocrx_word' id='word_1_250' title='bbox 777 3397 836 3455; x_wconf 88' lang='lat' dir='ltr'>lll.</span> <span class='ocrx_word' id='word_1_251' title='bbox 862 3398 948 3457; x_wconf 75' lang='lat' dir='ltr'>Volua</span> 
     </span>
     <span class='ocr_line' id='line_1_40' title="bbox 133 3472 948 3557; baseline 0.004 -25"><span class='ocrx_word' id='word_1_252' title='bbox 133 3476 272 3557; x_wconf 79' lang='lat' dir='ltr'>appetitos</span> <span class='ocrx_word' id='word_1_253' title='bbox 294 3474 441 3532; x_wconf 73' lang='lat' dir='ltr'>sensitiva:</span> <span class='ocrx_word' id='word_1_254' title='bbox 464 3472 622 3549; x_wconf 49' lang='lat' dir='ltr'>aliquando»</span> <span class='ocrx_word' id='word_1_255' title='bbox 639 3477 859 3552; x_wconf 76' lang='lat' dir='ltr'>conjunguntur,</span> <span class='ocrx_word' id='word_1_256' title='bbox 882 3477 948 3556; x_wconf 59' lang='lat' dir='ltr'>olto</span> 
     </span>
     <span class='ocr_line' id='line_1_41' title="bbox 131 3550 587 3631; baseline -0.018 -14"><span class='ocrx_word' id='word_1_257' title='bbox 131 3579 193 3617; x_wconf 77' lang='lat' dir='ltr'>nors.</span> <span class='ocrx_word' id='word_1_258' title='bbox 238 3554 289 3610; x_wconf 90' lang='lat' dir='ltr'>lV.</span> <span class='ocrx_word' id='word_1_259' title='bbox 312 3552 439 3631; x_wconf 77' lang='lat' dir='ltr'>Restatis</span> <span class='ocrx_word' id='word_1_260' title='bbox 450 3550 587 3629; x_wconf 79' lang='lat' dir='ltr'>practico.</span> 
     </span>
    </p>
   </div>
   <div class='ocr_carea' id='block_1_5' title="bbox 64 3711 948 3869">
    <p class='ocr_par' dir='ltr' id='par_1_13' title="bbox 64 3711 948 3869">
     <span class='ocr_line' id='line_1_42' title="bbox 121 3711 948 3792; baseline -0.002 -17"><span class='ocrx_word' id='word_1_261' title='bbox 121 3716 223 3776; x_wconf 75' lang='lat' dir='ltr'>8ch</span> <span class='ocrx_word' id='word_1_262' title='bbox 225 3714 270 3774; x_wconf 86' lang='grc' dir='ltr'>ΤΙ</span> <span class='ocrx_word' id='word_1_263' title='bbox 278 3713 311 3773; x_wconf 93' lang='lat' dir='ltr'>in</span> <span class='ocrx_word' id='word_1_264' title='bbox 322 3711 459 3792; x_wconf 84' lang='lat' dir='ltr'>appetitu</span> <span class='ocrx_word' id='word_1_265' title='bbox 465 3711 606 3769; x_wconf 77' lang='lat' dir='ltr'>sensitiva</span> <span class='ocrx_word' id='word_1_266' title='bbox 614 3715 948 3789; x_wconf 72' lang='lat' dir='ltr'>repenunturpsssiones</span> 
     </span>
     <span class='ocr_line' id='line_1_43' title="bbox 64 3791 948 3869; baseline -0.014 -10"><span class='ocrx_word' id='word_1_267' title='bbox 64 3800 148 3869; x_wconf 78' lang='lat' dir='ltr'>l&#39;stae,</span> <span class='ocrx_word' id='word_1_268' title='bbox 171 3799 216 3858; x_wconf 77' lang='lat' dir='ltr'>its</span> <span class='ocrx_word' id='word_1_269' title='bbox 237 3798 269 3857; x_wconf 86' lang='lat' dir='ltr'>in</span> <span class='ocrx_word' id='word_1_270' title='bbox 286 3795 451 3856; x_wconf 85' lang='lat' dir='ltr'>voluntate</span> <span class='ocrx_word' id='word_1_271' title='bbox 471 3791 672 3851; x_wconf 80' lang='lat' dir='ltr'>inveniuntur</span> <span class='ocrx_word' id='word_1_272' title='bbox 693 3803 780 3848; x_wconf 83' lang='lat' dir='ltr'>actus</span> <span class='ocrx_word' id='word_1_273' title='bbox 799 3792 948 3866; x_wconf 60' lang='lat' dir='ltr'>:premens</span> 
     </span>
    </p>
   </div>
   <div class='ocr_carea' id='block_1_6' title="bbox 0 0 1088 4072">
    <p class='ocr_par' dir='ltr' id='par_1_14' title="bbox 0 0 1088 4072">
     <span class='ocr_line' id='line_1_44' title="bbox 0 0 1088 4072; baseline 0 0"><span class='ocrx_word' id='word_1_274' title='bbox 0 0 1088 4072; x_wconf 95' lang='lat' dir='ltr'> </span> 
     </span>
    </p>
   </div>
  </div>
 </body>
</html>
