2160 4072
228 88 465 137 aaraccarrs.
746 72 817 167 'tlt

53 234 71 294 it
98 235 205 307 absens
227 247 362 314 tempore
383 234 596 304 delectationis,
616 233 742 305 infirma,
758 245 815 296 etc.

53 313 116 390 aula
130 314 180 374 hic
194 325 224 375 et
236 336 318 376 nunc
332 317 371 376 sit
382 314 593 393 impossibilis?

53 394 188 455 lactando
202 417 232 456 se
246 407 376 476 exponat
388 394 521 475 periculo
533 394 718 474 pollutionis,
732 397 813 456 cer-td

53 475 151 534 taliter
165 487 268 536 contra
281 476 455 546 castitatem,
469 484 499 534 et
513 475 600 534 etiam
614 486 717 534 contra
726 474 817 554 justi·

53 558 112 614 reni
127 556 204 616 absit
213 556 382 636 perieulum
394 555 578 635 pollutionis,
590 555 735 626 Sanchea,
750 554 818 635 Syl.

53 647 105 695 tert
117 646 147 695 et
160 637 305 696 Deelman
320 655 384 697 eam
405 639 421 695 ὲ
441 635 560 695 mortali
579 635 725 708 liberant3
747 637 819 715 quia

53 719 114 776 atts
127 715 350 777 matrimonialis
359 716 478 777 videtur
491 715 818 797 talemddelectotionem

53 816 181 858 acusare.

53 898 91 936 en
103 877 288 956 probabilius
312 876 438 937 similem
458 877 684 936 delectationem
697 890 819 939 censent

68 970 103 1016 ut
124 960 286 1029 Navarrus,
308 956 445 1029 Binum,
464 957 572 1025 Collet,
597 958 738 1029 Anteius,
760 972 817 1021 etc.

53 1038 161 1098 habeat
184 1039 336 1118 objectum
356 1037 518 1098 secundum
541 1058 572 1097 se
591 1037 719 1110 licitum,
734 1039 818 1119 eqni-

53 1118 86 1177 rit
98 1138 233 1190 venerea,
248 1119 435 1198 conjunctam
457 1116 550 1177 habet
571 1117 667 1176 carnis
686 1128 819 1179 'commo

53 1221 80 1258 ,ω
94 1198 126 1257 in
140 1220 210 1259 casu
222 1220 284 1261 non
302 1209 348 1261 est
361 1198 535 1259 ordinabilis
555 1198 595 1257 ad
608 1196 757 1276 copulam,
770 1209 819 1259 ut·

53 1279 191 1339 rsibssem:
208 1300 280 1358 ergo
293 1278 390 1340 tendit
403 1279 443 1339 ad
451 1278 657 1358 pollutionem.

53 1360 195 1419 solvimus
208 1362 299 1423 Num.
321 1368 370 1422 58.
393 1359 463 1418 “de
476 1358 697 1428 Matrimonio,”
719 1360 820 1439 quood

53 1440 148 1500 rdicos
161 1440 276 1519 proprii
288 1440 420 1520 corporis
441 1440 473 1498 in
485 1439 619 1499 absentia
630 1439 800 1517 compartis.

53 1531 76 1591 t,
87 1521 112 1580 si
121 1519 279 1581 delectatio
287 1541 348 1580 non
359 1521 397 1580 sit
407 1539 543 1590 venerea,
555 1519 608 1579 sed
618 1518 711 1578 solum
721 1517 821 1582 delec-

53 1602 174 1660 'obando
187 1600 229 1672 id,
253 1602 336 1681 quod
358 1601 419 1661 fuit
437 1599 487 1659 vel
515 1600 573 1660 erit
591 1599 718 1661 licitum.
759 1600 819 1660 Res

53 1703 74 1740 a
84 1681 211 1759 periculi
225 1692 279 1754 est,
289 1683 370 1743 unde
384 1681 458 1742 serit
470 1680 609 1740 monendi
623 1679 775 1760 conjuges,
786 1692 821 1741 ut

62 1763 238 1822 abstineant.

53 1921 94 1980 >E
115 1920 456 1983 DELECTATIONE
478 1918 818 1983 CONDITIONA'I‘A

127 2001 256 2061 CIRCA
278 2001 368 2061 REM
391 2000 561 2063 MALAM.

53 2181 89 2219 ua
116 2161 323 2224 conditionatos
349 2170 439 2243 potest
463 2165 493 2224 in
516 2160 646 2242 positivis
672 2146 727 2221 non
758 2181 818 2221 ease

58 2242 102 2302 11.
126 2242 196 2302 Item
217 2242 248 2300 in
270 2242 421 2303 intrinsece
440 2243 533 2314 molis,
554 2240 582 2301 ai
602 2241 713 2301 denotet
731 2240 818 2302 solrlm

53 2321 181 2381 tellectris.
224 2324 286 2383 111.
314 2320 546 2383 Seoisaiaotum
559 2319 719 2381 anlontatis.
762 2318 817 2380 IV.

53 2408 72 2457 rt
85 2403 133 2480 qui
146 2403 286 2462 desiderat
299 2399 411 2482 aliquid
424 2422 477 2461 non
491 2421 550 2461 esse
562 2399 673 2458 molum.

53 2562 152 2620 rotatio
166 2562 204 2622 de
217 2582 250 2622 re
272 2561 360 2633 malo,
374 2563 431 2623 sub
441 2561 620 2630 conditione,
636 2558 731 2620 sinon
743 2571 821 2621 esset

53 2642 142 2702 cita?
486 2652 489 2657 '

52 2721 209 2782 delectatio
223 2724 262 2782 sit
272 2723 310 2783 de
319 2742 353 2782 re
366 2723 428 2783 solo
438 2724 509 2803 jure
521 2720 650 2801 positivo
658 2720 820 2800 prohibita,

53 2801 115 2872 cita,
128 2805 171 2862 uti
181 2823 237 2864 nec
248 2803 351 2862 volitio
361 2802 496 2863 istiusrei
507 2802 563 2861 sub
573 2801 632 2860 ista
638 2801 820 2876 conditione:

53 2893 115 2941 tam
125 2884 325 2945 conditionem
339 2883 522 2945 abstrahitur
536 2884 574 2942 ab
587 2883 679 2953 omni,
693 2883 775 2961 quod
787 2882 821 2941 in

53 2961 187 3022 illicitum
198 2988 208 3037 ς
237 2965 280 3025 sic
293 2965 346 3043 qui
360 2975 484 3044 cuperet
497 2963 585 3022 edere
596 2980 708 3035 carnes,
724 2962 820 3022 sinon

52 3042 123 3114 ium,
135 3062 196 3103 non
209 3056 313 3124 peccat
326 3057 428 3106 contra
441 3046 538 3123 legem
554 3042 668 3123 'ejunii

53 3122 65 3181 l
80 3123 104 3182 si
118 3135 223 3201 agatur
237 3125 275 3185 de
284 3145 318 3184 re
331 3124 488 3187 intrinseot
502 3145 531 3183 m
580 3132 635 3191 ,ut
648 3121 674 3182 si
687 3121 755 3201 quis
768 3139 819 3180 co-

53 3203 139 3263 licat:
160 3205 267 3265 vellem
281 3205 432 3277 fornicari,
446 3206 471 3266 si
485 3215 561 3265 esset
569 3203 697 3274 licitum,
707 3199 817 3260 vellem

53 3304 124 3342 teum
139 3283 303 3355 inimicum,
324 3287 350 3346 si
372 3307 434 3346 non
454 3295 531 3346 esset
544 3282 665 3354 malum,
680 3292 734 3340 etc
749 3290 817 3339 tum

53 3364 193 3442 tinguere
220 3367 298 3426 inter
311 3379 411 3427 aetum
430 3386 482 3427 sen
492 3363 643 3444 judicium
657 3359 816 3440 speculati·

53 3444 140 3516 sctis,
155 3457 185 3504 et
205 3458 304 3506 ectum
330 3446 491 3507 voluntatis
511 3443 588 3504 illud
610 3440 814 3521 approbantis,

53 3525 87 3584 tis
100 3537 153 3585 ant
165 3527 348 3587 delectantis.
389 3527 480 3589 Unde
494 3526 520 3584 si
533 3524 583 3583 illa
596 3522 748 3603 expressio
764 3520 814 3581 vel

53 3605 123 3664 >lum
137 3608 286 3667 contineat
298 3618 397 3668 actum
410 3603 578 3667 intellectas
602 3603 665 3665 sine
676 3612 745 3663 actu
760 3621 812 3661 vo-

53 3687 153 3746 aesenti
166 3689 245 3749 circa
256 3687 335 3755 illud
347 3687 510 3775 objectum,
531 3705 595 3746 non
605 3682 726 3763 videtur
747 3700 816 3741 esse

53 3778 148 3827 autem
163 3767 227 3853 illa
263 3770 420 3850 expressio
444 3768 497 3833 rel
525 3766 675 3851 cogitatio
690 3762 839 3843 ἕψω

126 3868 128 3873 ’
301 3858 405 3920 222
469 3858 495 3923 ,’
599 3922 602 3929 ,
