2160 4072
208 181 270 240 quo
284 160 395 221 Genes.
408 181 472 240 esp.
496 168 544 233 19·
558 180 587 220 v.
600 167 651 232 22,
672 180 734 220 non
746 157 845 219 fuitei
858 153 1027 218 voluntsriu

209 261 266 301 nec
286 242 384 320 potuit
395 262 452 302 nee
464 241 570 302 debuit
582 242 759 319 previdere,
788 240 936 299 incestum
954 258 990 297 ex
1005 237 1028 295 el

212 335 391 382 secuturum.

251 406 302 462 An
313 402 406 480 igitur
421 402 542 463 effectus
554 421 616 462 non
626 414 671 462 est
680 420 797 480 semper
808 399 1005 469 voluntarius,

210 480 262 541 ille
276 484 410 560 sequitur
423 504 460 541 ex
474 504 572 551 causo,
587 503 640 542 seu
652 484 769 544 actione
781 479 1009 561 peccaminoso?

253 565 288 622 R.
305 564 373 621 Non
387 583 513 641 semper,
528 564 580 623 sed
593 562 764 642 requiritur,
780 573 814 621 ut
823 580 942 620 causam
955 558 1028 617 illan

211 654 262 701 tur
275 643 409 702 omittere
423 663 458 701 eo
472 645 569 714 titulo,
580 663 618 703 ne
628 646 723 703 malus
736 644 787 702 ille
801 641 923 700 effectus
936 659 1028 717 sequa

211 720 405 781 homicidium
419 727 607 783 commissum
617 724 634 782 d
644 725 760 784 Clerieo
773 733 910 791 venante,
925 731 957 778 et
970 720 1028 777 Invi

212 814 258 861 ter
281 814 405 881 putante
419 825 450 862 se
471 804 606 863 occidere
628 805 731 875 feram,
752 823 813 863 non
827 813 872 862 est
885 802 913 860 ei
927 800 1029 859 volunt

214 882 285 961 quis
298 883 368 943 lieet
381 883 498 943 venatio
512 885 628 944 Clerico
640 884 793 963 prohibitu
805 883 854 953 sit,
881 890 999 942 nonest
1013 891 1028 938 t

213 962 366 1041 prohibita
379 984 414 1023 eo
426 964 515 1023 titulo
528 985 567 1023 ne
580 976 721 1042 sequatur
734 963 938 1023 homicidium.

254 1042 292 1104 V.
307 1045 437 1104 Defectu
451 1045 532 1103 tertii
539 1045 684 1123 requisiti,
697 1044 882 1103 confessario
892 1062 953 1100 non
968 1057 1028 1100 sunl

214 1123 297 1183 toriae
311 1123 526 1194 distractiones,
554 1125 747 1203 cogitationes
771 1134 823 1182 sut
837 1133 934 1181 motus
948 1135 1028 1199 turpi

215 1204 351 1263 oriuntur
361 1204 557 1264 exauditione
567 1206 767 1274 confessionis,
779 1205 804 1262 si
813 1203 955 1263 nimirum
966 1202 1028 1279 disp

216 1284 287 1362 quie
298 1284 390 1345 habet
398 1283 510 1363 justam
521 1305 638 1344 cansam
653 1286 850 1346 confessiones
864 1282 1028 1361 excipiendi

256 1365 397 1437 Similiter
411 1386 491 1423 mors
503 1377 617 1424 nonest
630 1365 797 1425 voluntaria
813 1365 867 1433 illi,
882 1365 935 1442 qui
949 1383 1010 1420 non
1023 1383 1028 1419 1

216 1445 316 1503 disnte
329 1446 494 1524 pollutione
506 1458 606 1524 potest
621 1447 712 1505 vitam
726 1464 843 1504 servare
848 1468 858 1516 ς
880 1443 1027 1520 quiscum

216 1525 297 1664 {Lam
320 1526 383 1584 sine
406 1525 495 1603 culpa
515 1526 632 1585 auferre
652 1547 713 1586 non
726 1525 828 1604 possit,
852 1524 934 1582 illem
954 1523 1028 1581 aufe:

256 1606 318 1664 bet.
644 1624 649 1632 ·
849 1618 859 1639 ⁴

260 1684 373 1743 Pariter
387 1685 524 1746 scandula
543 1708 611 1766 quse
625 1686 765 1761 Pharisaei
786 1695 978 1762 sumpserunt
1000 1704 1028 1741 er

219 1765 334 1823 cutione
348 1764 469 1835 Christi,
490 1787 550 1826 non
564 1768 688 1827 fuerunt
701 1767 821 1829 Christo
836 1765 1023 1834 voluntaria;

217 1845 282 1923 ipso
296 1845 467 1923 simplieiter
488 1849 639 1925 permissa,

257 1926 313 1986 VI.
330 1925 454 1984 Ratione
481 1939 593 2004 quartis
606 1926 784 1986 conditionis
797 1925 859 1984 fieri
873 1936 982 2003 potest,
1009 1944 1027 1981 u

217 2003 255 2062 sit
266 2005 468 2064 voluntarium
482 2011 519 2078 ei,
531 2009 582 2086 qui
593 2027 653 2065 non
662 2004 775 2065 accedit
784 2007 820 2063 sd
832 2007 943 2084 ignem,
956 2025 1028 2082 quan

218 2084 257 2143 sit
270 2088 518 2162 peccaminosum,
530 2090 554 2146 si
568 2089 674 2146 nonsit
688 2088 837 2162 obligatus
848 2087 885 2144 sd
895 2088 996 2162 ignem
1006 2107 1028 2142 a<

258 2164 416 2234 Undensm
422 2166 588 2244 dignosces,
598 2167 683 2246 quiid¹
690 2167 820 2235 effectus,
833 2169 895 2224 sive
907 2177 1028 2224 eventus

186 2281 190 2290 ι
217 2243 257 2303 rit
270 2255 300 2304 et
310 2244 448 2317 debuerit
460 2249 639 2324 praevideri?

259 2326 331 2384 VII.
347 2328 415 2385 Hoc
428 2328 578 2399 moraliter
592 2327 840 2406 expendidebet:
856 2324 983 2385 multilm
995 2346 1028 2403 pe

219 2404 275 2476 his,
287 2403 865 2484 quod’effectussiveeventussequatur
886 2427 940 2484 per
955 2426 996 2475 se,
1022 2426 1028 2455 t

218 2485 366 2563 pluribus,
375 2497 406 2545 et
419 2507 480 2545 non
494 2488 624 2547 adfuerit
640 2489 727 2566 justa.
738 2509 826 2547 causa
839 2487 958 2564 agendi.

220 2624 227 2629 .
258 2567 287 2623 N
289 2577 346 2636 ota,
358 2566 438 2644 quhd
454 2569 483 2626 S.
499 2569 616 2637 Thom.¹
625 2578 727 2645 quest.
738 2577 786 2628 20.
801 2579 855 2625 art.
869 2576 897 2626 5.
916 2569 969 2625 Per
983 2573 1028 2622 “e

218 2663 272 2781 peti
284 2646 448 2717 occidens,”
469 2649 627 2727 intelligat
640 2661 789 2719 eventum,
804 2649 856 2725 qui
877 2668 938 2705 non
958 2659 1029 2725 potu

220 2744 251 2781 vr
273 2745 325 2785 err.
666 2746 667 2751 ¹

260 2806 348 2864 VIII.
365 2806 477 2886 Eadem
491 2818 619 2885 quatuor
633 2810 817 2869 conditiones
839 2809 1028 2885 requiruntur

217 2884 328 2957 ficiunt,
340 2895 374 2944 ut
388 2887 519 2959 effectus,
545 2891 598 2966 qui
613 2910 649 2948 ex
664 2890 829 2948 voluntaria
843 2887 1027 2946 omissiones

217 2965 256 3024 sit
269 2965 454 3025 voluntarius
478 2966 508 3026 et
531 2969 688 3049 culpabilis
709 2970 741 3027 in
765 2970 816 3027 illa
841 2969 998 3027 omissione
1017 2978 1028 3026 t

218 3066 326 3106 musa:
350 3046 393 3105 sic
402 3046 570 3124 ignorantia
582 3051 790 3128 mysteriorum
806 3048 876 3107 fidei
893 3060 940 3107 est
953 3049 1028 3123 volui

200 3126 375 3220 —culpabilis
397 3127 563 3206 negligenti
577 3132 741 3189 Conciones
762 3140 793 3187 et
807 3129 1026 3188 Catechismum

217 3225 298 3266 emm
311 3208 388 3267 aetio
399 3221 444 3266 est
453 3227 542 3268 eausa
555 3208 691 3288 positiia,
706 3213 747 3269 ita
760 3211 879 3268 omissio
892 3220 937 3267 est
957 3228 1027 3266 caus

217 3286 280 3346 εἰναι
293 3288 424 3347 effeetlls.

257 3366 341 3439 Quid
354 3369 515 3446 requiritur
526 3382 560 3429 ut
571 3371 688 3429 omissio
698 3372 730 3429 in
739 3391 775 3430 se⁴
785 3371 822 3429 sit
830 3370 997 3428 voluntaria
1008 3383 1028 3427 el

217 3445 313 3587 beIX.
322 3449 357 3507 R.
371 3451 541 3526 Requiritur
554 3450 592 3509 1⁰.
604 3463 637 3510 ut
645 3452 764 3511 omissio
773 3451 916 3530 procedat
931 3456 946 3508 i
960 3449 1029 3508 volu

255 3545 299 3586 re.

246 3608 292 3666 2⁰.
318 3610 361 3671 Ut
373 3609 495 3671 omissio
510 3611 564 3673 fist
585 3614 714 3673 solenter
737 3613 791 3670 uel
812 3610 1028 3684 eumlgnossnt‘

200 3687 279 3750 bili:
311 3704 346 3754 ut
360 3705 472 3754 sutem
484 3695 542 3756 illa
556 3696 680 3757 omissio
695 3694 737 3751 sit
746 3702 922 3769 perustum,
944 3686 1028 3757 reum

197 3767 241 3829 Ut
256 3772 344 3837 adsit
361 3776 521 3859 obligatio
532 3799 601 3839 non
616 3772 788 3837 omittendi
809 3778 925 3825 sutum.
