2152 4066
291 99 337 144 na
360 98 504 143 acrinus
527 98 696 143 nunems.
920 85 984 156 239

75 245 163 307 Modo
186 243 238 305 loc
251 248 313 327 fiat
333 246 385 305 tub
405 243 518 303 diuerso
539 244 657 303 ratione.
701 244 756 303 IV.
777 244 865 306 Recte
893 258 984 312 tumea

73 325 208 463 mutue.
235 334 333 385 nostra
361 323 477 383 Diuinoe
509 323 701 401 corfirmetur
727 325 758 383 iu
785 325 867 385 volito
898 341 983 389 mute.

73 568 136 625 AN
145 564 284 624 voluntas
293 574 393 623 nostra
402 562 580 623 conformari
589 564 678 623 debet
688 567 833 625 voluntati
844 568 980 630 Divinae?

73 647 98 706 1.
114 649 152 707 R
164 645 312 705 Voluntas
319 655 421 703 nostra
429 642 518 703 debet
528 644 704 703 conformari
717 647 836 705 Divinae
845 648 876 705 in
889 649 981 709 volito

58 726 152 787 mali
165 724 282 796 ultimo,
298 725 351 784 sed
364 742 425 783 non
438 744 555 803 semper
568 725 600 782 in
615 725 708 784 volito
721 728 865 786 materiali
879 740 909 787 et
922 731 982 787 for·

58 806 102 869 ali
116 806 264 884 proximo.

74 887 212 946 Volitum
221 884 373 944 materiale
381 894 427 943 est
440 885 504 963 ipsa
517 904 564 943 res
577 904 630 943 seu
644 884 795 962 objectum
805 890 886 965 quod
898 889 982 948 volu-

58 989 120 1029 rus:
136 965 261 1025 formale
275 977 319 1025 est
331 965 406 1025 ratio
419 984 471 1025 seu
485 964 562 1036 finis,
576 967 614 1024 ob
626 984 716 1043 quem
729 986 791 1025 rem
805 969 887 1026 illam
897 970 982 1027 volu-

58 1071 108 1109 ms.

75 1127 215 1186 Volitum
229 1126 353 1185 formale
367 1124 448 1185 aliud
458 1136 503 1185 est
512 1126 681 1204 proximum
693 1146 744 1185 seu
752 1127 941 1205 particulare,
953 1142 983 1189 et

58 1208 169 1269 nratio
181 1205 377 1286 particularis,
392 1207 431 1264 ob
443 1226 533 1284 quam
546 1227 610 1265 rem
623 1206 705 1264 illam
720 1208 875 1280 volumus3
898 1210 980 1268 aliud

58 1287 205 1349 niversale
219 1306 272 1347 seu
284 1287 435 1356 ultimum,
449 1297 481 1345 et
493 1298 539 1347 est
551 1287 647 1365 glorie
663 1287 731 1346 Dei.

75 1371 120 1429 ll.
137 1369 193 1436 Ita,
205 1367 278 1427 dum
287 1367 354 1425 volo
364 1368 481 1425 Patrem
492 1386 592 1425 meum
601 1368 711 1437 vivere,
722 1386 811 1445 quem
821 1369 905 1428 Deus
916 1370 983 1428 vult

58 1451 122 1521 rori,
142 1447 272 1508 volitum
293 1445 444 1505 materiale
456 1458 504 1505 est
516 1448 578 1506 vita
588 1448 691 1526 patris,
712 1448 837 1506 volitum
858 1450 981 1517 formale

58 1532 207 1591 mximum
217 1540 263 1588 est
272 1528 346 1586 ratio
356 1527 475 1604 pietatis
484 1528 517 1586 in
528 1538 654 1606 patrem,
663 1528 776 1586 bonum
786 1528 915 1600 familiae,
925 1542 981 1593 etc.

58 1618 177 1673 iautem
189 1609 221 1667 id
235 1608 367 1667 ultimate
383 1607 473 1665 velim
486 1608 526 1667 ob
539 1608 664 1687 gloriam
679 1609 748 1675 Dei,
763 1607 901 1668 voluntas
918 1631 983 1669 mea

58 1690 198 1753 unformia
212 1700 257 1747 est
269 1688 416 1747 voluntati
432 1687 551 1747 Divinae
571 1688 603 1745 in
617 1687 708 1745 volito
724 1688 842 1746 formali
857 1690 982 1765 ultim03

59 1773 108 1833 uia
121 1772 199 1830 sicut
213 1769 317 1828 ultima
329 1769 414 1838 ratio,
428 1769 467 1827 ob
481 1790 571 1847 quam
584 1771 667 1827 Deus
680 1768 746 1826 vult
760 1778 875 1846 patrem
883 1790 984 1828 meum

58 1854 123 1922 rori,
145 1862 191 1909 est
203 1849 300 1927 glorio
313 1848 381 1918 Dei,
402 1848 442 1906 ita
456 1849 560 1909 ultima
573 1848 657 1917 ratio,
677 1849 716 1906 ob
737 1869 824 1926 quam
846 1870 902 1927 ego
915 1851 984 1908 volo

58 1944 153 1991 »utrem
170 1949 269 1988 meum
283 1928 393 1998 vivere,
408 1937 453 1987 est
466 1931 555 1988 etiam
568 1928 664 2006 gloria
677 1928 744 1986 Dei.

81 2015 186 2089 ltaque
197 2030 301 2069 sensus
309 2008 509 2086 responsionis
520 2009 595 2067 datae
603 2020 656 2079 est,
671 2008 753 2086 quod
762 2028 821 2066 non
832 2020 983 2068 teneamur

58 2113 156 2170 emper
164 2090 299 2149 eamdem
307 2110 370 2147 rern
381 2090 467 2160 velle,
483 2109 572 2167 quam
582 2091 665 2147 Deus
679 2089 754 2158 vult,
769 2091 822 2148 sed
833 2089 920 2148 liceat
931 2092 983 2148 ali-

58 2174 161 2248 pando
175 2171 252 2230 velle
266 2171 444 2246 oppositum,
459 2171 501 2229 sic
515 2182 614 2228 tamen
628 2182 661 2227 ut
675 2169 845 2247 oppositum
859 2171 984 2229 velimus

58 2253 173 2312 ultimate
189 2262 310 2330 propter
324 2250 449 2327 gloriam
465 2251 532 2309 nei.

82 2334 152 2411 obj.
168 2333 296 2390 Videtur
310 2350 373 2389 esse
386 2330 523 2388 illicitum
539 2328 615 2387 velle
626 2329 740 2406 aliquid
754 2329 922 2407 oppositum
932 2351 984 2388 vo-

58 2413 149 2471 luntati
163 2413 273 2471 divinae
282 2436 291 2482 3
314 2412 383 2487 quia
403 2411 539 2470 illicitum
555 2409 721 2467 esthabere
737 2412 918 2468 voluntatem
940 2430 985 2467 re-

58 2506 226 2570 pugnantem
245 2492 388 2550 voluntati
402 2492 478 2548 Dei:
500 2511 581 2566 ergo,
597 2500 653 2552 etc.

81 2575 144 2632 ΙΙΙ.
167 2574 202 2631 R.
219 2573 297 2631 Dist.
312 2582 405 2629 antec.
421 2590 490 2628 cum
505 2571 533 2629 S.
546 2570 653 2628 Thom.
668 2580 722 2626 art.
735 2578 780 2628 10.
791 2568 927 2627 illicitum
942 2582 986 2628 est

58 2651 412 2731 rellealiquidoppositum
420 2650 565 2708 voluntati
571 2649 749 2719 divinoe,sub
755 2650 856 2707 eadem
862 2650 985 2720 ratione,

58 2737 96 2807 iuti
109 2735 197 2792 Deus
210 2733 286 2802 vult,
301 2750 382 2791 conc.
394 2741 488 2790 antec.
499 2732 554 2789 sub
566 2730 682 2788 diversa
690 2730 812 2799 ratione,
838 2749 915 2807 nego
925 2743 985 2788 ant.

58 2830 96 2872 tm
105 2825 210 2872 autem
221 2813 299 2871 filius
308 2813 374 2871 vult
383 2823 498 2888 patrem
503 2812 603 2867 vivere
612 2812 649 2867 ob
658 2811 785 2867 rationes
794 2810 986 2886 particulares

58 2895 121 2965 oni,
138 2896 225 2952 Deus
234 2897 302 2952 verrl
316 2892 382 2951 vult
394 2891 479 2949 illum
493 2891 569 2948 mori
584 2892 622 2948 ob
636 2889 706 2949 alias
715 2889 852 2958 rationes,
866 2911 895 2949 v.
908 2911 937 2968 g.
949 2894 987 2948 ob

58 2985 174 3045 cecata,
190 2973 237 3032 vel
251 2975 321 3051 quia
334 2973 366 3030 id
379 2973 549 3050 postulabat
563 2989 666 3028 cursus
680 2981 801 3028 naturae.

66 3055 156 3113 Hinc
167 3064 250 3112 notat
261 3058 290 3112 S.
303 3053 409 3111 Thom.
421 3063 474 3110 art.
486 3052 585 3121 citato,
598 3051 677 3128 quod
687 3050 812 3109 diversae
822 3050 988 3108 voluntates

58 3135 121 3192 irca
128 3135 208 3193 idern
219 3134 369 3212 objectum
380 3134 435 3191 sub
445 3133 562 3191 diversa
571 3132 694 3202 ratione,
704 3131 818 3208 possint
826 3133 986 3188 essebonae.

80 3217 176 3285 Nota,
200 3214 279 3292 quod
300 3214 331 3270 in
351 3234 421 3271 casu
441 3214 539 3290 posito
553 3213 690 3272 voluntas
710 3212 762 3269 filii
777 3211 815 3268 sit
829 3210 989 3268 conformis

60 3295 189 3354 oluntati
206 3294 313 3352 divinae
328 3293 441 3371 duplici
461 3295 583 3364 ratione,
609 3294 646 3352 10.
661 3294 690 3350 in
706 3292 819 3350 ratione
832 3290 916 3346 voliti
930 3289 989 3347 for-

58 3374 128 3433 talis
139 3374 250 3433 ultimi:
264 3376 305 3434 2⁰.
317 3374 489 3451 inquantum
499 3375 577 3432 filius
587 3375 644 3432 hoc
654 3373 730 3441 vult,
742 3370 824 3449 quod
833 3372 916 3428 Deus
926 3370 991 3426 vult

58 3476 112 3512 um
128 3456 225 3514 velle:
242 3455 327 3513 Deus
341 3454 419 3512 enirn
435 3454 509 3523 vult,
523 3466 558 3512 ut
571 3455 649 3511 filius
663 3452 735 3510 velit
751 3462 864 3528 patrem
879 3451 990 3507 vivere.

86 3538 147 3605 An,
162 3536 235 3594 dum
246 3535 382 3593 voluntas
392 3536 451 3593 Dei
462 3535 595 3593 absoluta
606 3546 650 3592 est
661 3532 789 3609 cognita,
803 3542 876 3588 tunc
887 3530 992 3587 volun-

58 3636 91 3674 as
100 3616 231 3674 humana
244 3635 304 3673 non
318 3616 425 3674 debeat
441 3634 504 3673 esse
517 3614 676 3673 conformis
687 3611 833 3691 voluntati
843 3610 951 3667 divinae
963 3610 994 3665 in

58 3696 137 3754 solito
151 3696 316 3767 materiali3
332 3717 361 3755 v.
373 3716 402 3772 g.
414 3695 486 3753 dum
495 3706 580 3771 pater
589 3694 651 3772 jam
660 3704 704 3753 est
714 3702 857 3762 mortuus,
873 3710 911 3748 an
922 3701 994 3747 tunc

58 3775 161 3835 licitum
173 3791 218 3837 est
232 3776 303 3847 filio,
319 3776 396 3839 velle
409 3796 477 3833 eum
492 3775 614 3833 vivere?
