2160 4072
53 155 121 214 lltet
134 166 280 216 mercatos
298 156 332 214 in
352 158 511 236 mollegio
523 157 675 220 montane
688 156 882 223 mmmmm

53 237 240 308 nauseabat,
252 237 306 296 aad
318 249 519 316 conmanentes
532 240 598 297 vult
611 260 660 300 eas
684 241 821 320 abjicere.

53 341 57 372 l
70 334 109 374 ex
121 317 157 376 ·8.
170 317 276 376 Tbem.
300 318 351 377 bic
364 319 403 376 ed
424 331 449 379 1.
461 319 543 398 quod
552 319 690 380 voluntas
703 323 881 383 antecedens

53 397 142 455 untes
155 398 319 458 secandum
333 398 416 477 quid,
441 411 471 460 et
483 418 667 479 consequens
692 402 731 461 sit
745 402 881 465 veluntas

53 477 124 534 iter.

53 557 110 616 cdl.
126 557 207 635 ΨΜ
220 556 308 617 multi
318 578 355 618 ex
363 560 590 638 antiquioribus,
599 560 676 619 inter
687 582 763 640 quos
778 564 880 625 Ettins

53 637 115 707 ‘ius,
129 636 312 697 voluntatem
325 640 503 719 beneplaciti
514 642 555 699 ite
567 640 726 719 explicent,
735 643 785 703 'ut
796 645 879 705 coin-

53 718 341 794 alneoltwvolsmtata
356 731 564 799 consequente,
579 721 633 780 aed
657 740 718 781 non
731 727 820 798 reete,
846 735 880 784 ut

65 817 102 856 ex
117 798 252 858 dicendis
269 801 358 858 Num.
374 803 519 879 sequenti.

53 968 86 1028 tl,
131 960 189 1017 DE
211 954 478 1021 VOLUNTATE
501 962 834 1023 ANTECEDENTE.

53 1126 130 1176 amas
152 1120 316 1178 antecellant
342 1130 383 1180 eat
409 1121 540 1181 motasse
559 1123 677 1200 popo&
704 1122 789 1181 dicta.
832 1125 877 1183 ΙΙ.

73 1208 164 1255 tamen
188 1217 296 1276 semper
315 1202 455 1277 impletur.
512 1200 573 1259 111.
602 1200 662 1260 Nec
683 1201 739 1259 Ιιω·
763 1203 879 1282 derogat

53 1277 303 1354 potentioedioiaoe,
347 1282 401 1340 IV.
418 1282 475 1341 Aul
489 1281 551 1358 ejus
559 1279 703 1356 felicitati.
749 1282 753 1289 ’
799 1320 802 1327 .

53 1423 90 1478 lN
112 1423 251 1481 voluntas
264 1425 441 1485 antecedens
462 1425 495 1483 in
520 1425 586 1484 Deo
600 1435 644 1483 est
664 1424 784 1503 proprie
794 1424 874 1486 dicte

53 1522 85 1571 ss,
99 1503 163 1560 sive
174 1523 212 1560 an
226 1513 271 1560 est
281 1505 419 1565 voluntas
426 1504 627 1583 beneplaciti?

53 1583 236 1640 lffirmative:
257 1586 399 1660 probatur
413 1606 450 1643 ex
466 1586 495 1644 S.
511 1584 618 1643 Thom.
629 1605 659 1662 q.
676 1594 724 1646 28»
740 1584 775 1642 de
792 1585 876 1644 Veri-

53 1682 62 1718 ;
78 1670 106 1720 3.
123 1665 174 1722 ubi
185 1663 274 1722 dicit:
291 1673 311 1699 “
323 1666 520 1729 Inveniturin
534 1667 597 1725 Deo
608 1667 727 1744 proprie
739 1665 814 1724 ratio
826 1685 878 1724 vo-

54 1743 101 1812 tis,
117 1755 147 1800 et
158 1743 200 1801 sic
213 1743 350 1803 voluntas
364 1744 402 1804 de
418 1744 485 1804 Deo
494 1745 612 1823 proprie
626 1736 745 1817 dicitur,
771 1744 878 1806 ethaeo

53 1822 165 1881 oluntas
177 1825 364 1902 beneplaciti,
383 1846 451 1903 quae
461 1843 515 1903 per
528 1826 751 1887 antecedentem
765 1834 796 1884 et
808 1844 877 1885 cons

53 1914 146 1961 entem
167 1904 390 1982 distinguitur.”
432 1905 517 1965 Idem
542 1916 625 1984 patet
648 1926 685 1965 ex
708 1905 779 1975 illis,
795 1926 875 1983 ·quae

53 1983 170 2058 praeced
181 2004 218 2042 ex
230 1985 298 2062 ipso
309 1985 500 2047 adduximus.

53 2062 69 2117 d
82 2075 182 2122 autem
197 2065 333 2126 voluntas
347 2067 524 2127 antecedens
534 2065 698 2127 formaliter
709 2065 788 2124 sitin
799 2065 877 2138 Deo,

53 2163 81 2201 ir
95 2164 133 2202 ex
148 2145 257 2203 Matth.
282 2167 345 2226 cap.
367 2155 417 2207 23.
442 2167 470 2205 v.
493 2155 540 2214 37.
555 2146 608 2204 ubi
632 2145 768 2205 Christus
784 2146 857 2205 dicit
866 2172 876 2220 3

53 2225 150 2293 salem,
178 2226 354 2299 Jerusalem,
380 2227 496 2304 quoties
510 2226 594 2286 volui
607 2225 877 2304 congsegarefilios

60 2305 312 2381 quemadmoddm
326 2308 438 2385 gallina·
450 2316 612 2385 congregat
626 2305 724 2384 pullos
737 2325 808 2365 suas
820 2307 877 2364 sub

68 2395 100 2442 et
113 2384 235 2444 noluisti
247 2390 275 2459 ;”
290 2390 330 2447 Et
351 2408 388 2447 ex
410 2390 524 2446 famoso
536 2397 621 2446 tento
636 2386 773 2464 Apostoli
799 2395 824 2443 1.
838 2385 878 2444 ad

53 2482 70 2520 ι.
85 2484 150 2543 cap.
166 2474 193 2523 ll.
209 2486 238 2525 v.
248 2476 278 2527 4.
298 2477 317 2502 “
334 2468 494 2527 Deusvult
513 2467 649 2526 homines
662 2485 764 2525 omnes
776 2465 875 2526 salvos

52 2539 73 2566 '‘
100 2543 164 2616 Qui
187 2557 287 2607 textus
308 2549 458 2626 importat,
483 2548 563 2626 qudd
584 2547 616 2605 in
630 2547 697 2606 Deo
711 2546 751 2605 sit
764 2559 877 2607 veraet

70 2625 210 2684 voluntas
233 2647 303 2706 erge
327 2629 452 2688 salutem
479 2627 620 2698 omnium,
644 2636 674 2685 et
696 2639 796 2686 tamen
814 2646 877 2685 non

53 2705 215 2780 salvantem
229 2711 352 2786 proinde
365 2709 503 2768 voluntas
512 2707 565 2766 illa
574 2718 619 2767 est
631 2707 816 2767 antaaedena.

53 2784 108 2862 lbj.
132 2786 156 2842 Ι.
180 2789 213 2847 S.
229 2790 334 2848 Thom.
352 2799 378 2848 1.
392 2800 468 2866 part.
482 2797 589 2866 quaest.
610 2796 656 2860 19.
671 2799 727 2846 art.
742 2787 771 2848 6.
792 2787 831 2845 ad
849 2798 875 2846 l.

53 2866 229 2926 uoluntatem
252 2870 478 2930 antecedentem
491 2868 690 2929 velleitetem:
719 2888 792 2946 ergo
814 2887 876 2927 non

53 2946 223 3010 avolantes.

53 3070 59 3083 .
90 3027 148 3084 Th.
176 3030 258 3089 illam
285 3041 373 3090 vocat
395 3029 585 3099 velleitatem‚
612 3048 674 3087 non
698 3029 779 3107 quod
804 3047 876 3087 vera

53 3126 77 3165 sa
88 3111 213 3182 nonsit,
240 3111 292 3170 sed
306 3111 377 3189 quia
400 3129 460 3168 non
481 3120 527 3168 eat
547 3110 686 3169 voluntas
700 3108 876 3185 simpliciter

53 3206 199 3267 nequens,
207 3211 278 3269 quae
292 3211 406 3270 semper
419 3191 599 3268 impleatur;
613 3199 658 3249 eet
668 3189 747 3249 enim
760 3186 876 3246 tentiam

53 3288 77 3328 ts
90 3278 111 3304 “
122 3271 286 3330 secundslm
297 3271 399 3351 quid,'’
413 3291 481 3350 quae
491 3270 598 3330 effectu
606 3268 765 3348 principali
776 3286 877 3326 carere

63 3430 128 3490 lll.
142 3431 195 3491 illa
208 3432 345 3492 voluntas
364 3450 471 3492 carens
481 3431 597 3501 effectu,
612 3430 876 3508 derogatomnipo-

53 3511 182 3572 divinet
205 3532 289 3590 ergo,
312 3523 369 3572 etc.

55 3593 93 3651 R.
108 3594 180 3651 Non
197 3604 242 3652 est
265 3593 381 3652 delectu
393 3593 547 3673 potentiae,
573 3592 658 3675 qued
677 3589 894 3652 illaudsuntas
1011 3620 1018 3635 κ
1049 3672 1054 3679 .

53 3670 115 3804 [οἳ
123 3691 191 3809 ὅσα
208 3689 328 3751 semper
338 3674 517 3754 impleatur,
541 3697 575 3738 v.
589 3696 621 3760 g;
637 3673 787 3740 salvanda
799 3689 912 3733 amnes

53 3787 65 3802 v·
156 3768 196 3807 ἔθ’
363 3776 382 3814 t*
