2152 4066
338 125 383 169 ne
406 125 548 170 acrinus
572 123 740 169 nonanus.
945 106 1007 174 17⁵

77 267 108 332 ll.
123 280 175 332 25.
203 270 260 331 DE
283 271 533 331 AXIOMATE:
557 271 743 344 QUANDO
764 268 907 343 CAUSA
927 270 1006 330 ΗΑ.

243 352 326 410 BET
349 352 465 412 DUOS
486 352 714 421 EFFECTUS,
744 350 835 410 ETC.

59 544 83 613 ἰ·
190 510 216 569 1.
238 510 358 569 Aniomo
416 511 459 570 11.
478 507 662 590 Deaumptam
676 531 711 569 ea
725 511 758 570 S.
777 510 893 587 Thomu.

59 660 61 669 ¹
109 672 134 731 1.
170 670 346 731 AXIOMA
373 671 413 730 ad
438 671 555 749 praxim
581 671 746 748 plurimum
772 668 924 749 pertinens
946 680 1007 728 est:

73 750 236 823 “Quando
248 770 337 809 cansa
361 753 451 810 habet
472 752 548 810 duos
561 750 691 822 effectus,
707 771 801 811 unum
823 753 944 820 bonum,
966 751 1007 808 als

69 837 205 891 “terum
220 831 337 902 malum,
351 852 473 910 possum
487 831 641 890 intendere
668 832 806 891 effectum
828 833 949 902 bonum,
979 842 1009 889 et

70 920 90 949 ‘⁶
101 930 154 971 me
166 911 278 971 habere
287 912 461 989 permissive
482 911 521 969 ad
534 911 672 970 malum.''

109 991 154 1049 ll.
171 991 296 1051 Axioma
322 991 379 1050 hoc
402 993 594 1068 desumptum
608 1002 708 1051 estex
732 993 761 1052 S.
778 991 906 1050 Thomt
936 998 963 1048 Q.
980 998 1008 1049 2.

67 1082 174 1149 quaest.
190 1071 242 1132 64·
256 1082 310 1130 art.
320 1082 347 1140 7.
360 1080 379 1106 “
394 1073 425 1130 in
439 1070 547 1148 corp!
559 1072 611 1130 ubi
626 1073 715 1132 dicit:
739 1079 760 1106 “
775 1071 858 1130 Nihil
871 1070 1010 1147 prohibet

67 1159 92 1185 ‘⁸
105 1153 197 1211 unius
211 1150 292 1211 aenis
304 1173 367 1211 esse
389 1153 465 1210 duos
478 1150 609 1221 effectus,
629 1172 756 1230 quornm
769 1152 843 1210 alter
863 1151 957 1208 solum
973 1151 1010 1208 sit

68 1240 91 1267 '¹
104 1232 138 1289 in
146 1233 320 1303 intentione,
332 1234 407 1292 nllus
421 1233 491 1291 verd
507 1233 546 1292 sit
557 1243 664 1310 praeter
675 1233 868 1292 intentionem
873 1232 898 1288 .'’

110 1311 162 1370 Da
175 1332 294 1372 sensum
315 1314 431 1391 praefati
452 1313 613 1371 axiomatis.

112 1389 150 1448 R.
167 1394 223 1451 Est
235 1393 307 1452 hic:
330 1393 451 1471 quando
460 1394 536 1452 ratio
546 1394 678 1471 ponendi
691 1412 803 1452 causam
818 1410 885 1449 cum
900 1391 1007 1449 effectu

72 1473 160 1540 tono,
174 1471 207 1530 in
228 1472 274 1532 his
294 1474 521 1533 circumstantiis
547 1474 688 1551 praevalet
709 1472 816 1531 rationi
842 1472 1011 1548 prohibenti

73 1550 211 1610 effectum
226 1552 345 1623 malum,
360 1574 480 1631 possum
490 1573 578 1630 agere
587 1573 639 1612 seu
652 1572 763 1632 ponere
776 1572 903 1620 causam,
914 1552 1011 1609 inten-

68 1630 173 1689 dendo
182 1632 277 1690 solum
289 1633 426 1691 effectum
435 1636 556 1703 bonum,
571 1654 631 1691 non
645 1632 755 1692 malum
767 1655 776 1701 ς
791 1633 833 1690 ita
843 1641 877 1689 ut
891 1631 1011 1690 effectus

76 1711 169 1770 rnalus
182 1713 266 1770 nullo
280 1713 369 1771 modo
378 1713 455 1770 mihi
466 1725 619 1772 censeatur
628 1711 812 1772 voluntarius
822 1731 877 1770 nec
888 1711 1014 1770 volitusz

77 1790 116 1851 sic
128 1791 211 1850 licite
221 1792 304 1851 miles
318 1793 447 1852 custodit
456 1794 611 1852 stationem
628 1794 833 1872 periculosam,
860 1791 930 1850 licit
942 1791 1011 1849 inde

58 1896 62 1903 ·
79 1878 215 1949 sequatur
227 1873 394 1950 periculum
407 1876 528 1932 mortis:
541 1873 620 1933 licita
633 1874 746 1951 pariter
752 1872 853 1931 revelo
867 1871 1010 1949 superiori

80 1962 196 2029 peccata
208 1952 329 2023 subditi,
354 1964 388 2012 ut
407 1953 615 2031 impediantur,
639 1955 664 2012 si
691 1952 775 2011 aliter
800 1951 938 2029 impediri
951 1971 1011 2009 non

58 2062 61 2067 ·
81 2034 196 2108 possint,
224 2032 293 2091 licit
308 2034 378 2092 inde
390 2034 512 2092 infamia
536 2034 646 2093 subditi
661 2045 824 2111 sequatur3
846 2032 1010 2109 superiores=

83 2112 160 2170 etiam
177 2114 254 2171 licite
269 2115 307 2171 ad
320 2116 432 2172 bonum
454 2134 608 2172 commune
622 2115 722 2173 ferunt
735 2114 826 2191 leges,
849 2113 904 2170 etsi
915 2123 1010 2170 trans·

83 2192 239 2269 pressiones
250 2195 392 2271 quasdam
406 2196 596 2270 praevideant.

117 2274 194 2330 Nota
214 2275 316 2350 igitur,
339 2274 421 2352 quotl
443 2295 502 2332 non
530 2276 652 2333 sufficiat
679 2275 787 2351 exigua
814 2292 1010 2351 quaecumqne

86 2352 181 2429 agendi
196 2355 280 2421 ratio,
306 2356 353 2413 vel
368 2355 563 2432 quiscumque
576 2359 671 2413 bonus
685 2354 815 2422 effectus,
831 2352 882 2411 sed
895 2372 1011 2430 respec-

58 2448 62 2503 ξ
86 2433 136 2490 tivi
149 2434 328 2492 considerari
340 2436 455 2505 debeat,
470 2445 536 2493 utra
550 2437 624 2493 ratio
639 2454 706 2494 cum
726 2454 780 2492 suo
793 2433 899 2492 effectu
914 2433 944 2488 in
965 2432 1012 2488 his

87 2514 302 2572 circumstantiis
315 2516 448 2592 praefern‘
463 2516 579 2574 debeat.
623 2517 678 2573 l'ro
690 2535 750 2592 quo
764 2513 872 2571 adduci
885 2525 1010 2590 possunt

88 2609 231 2669 sequentes
246 2596 370 2670 regulae:

120 2674 224 2744 l'rima,
240 2676 350 2732 bonum
366 2676 459 2754 majus
473 2675 691 2754 praeferendum
706 2685 750 2733 est
760 2674 875 2744 minori,
897 2672 1011 2730 ceteris

116 2752 205 2813 ribus.

88 2772 261 2902 paSecunda,
275 2837 353 2894 bona
364 2846 471 2894 aeterna
482 2835 665 2914 praeferenda
678 2833 897 2912 temporalibus.

119 2915 226 2982 'l'ertia,
238 2917 404 2994 spiritualia
424 2917 633 2994 corporalibus.

118 2992 237 3065 Quarta,
250 2998 370 3073 publica
383 2997 568 3073 praeferenda
583 3008 652 3054 sunt
665 2995 797 3072 privatis.

119 3073 241 3153 Insuper
250 3078 362 3134 attendi
376 3077 472 3135 debet.
517 3079 552 3135 1⁰.
570 3079 645 3137 Uter
659 3075 779 3134 effectus
792 3075 887 3151 magis
901 3072 1009 3130 direco

57 3177 61 3212 l
90 3158 304 3232 etmagiscertd
320 3169 468 3234 sequatur.
510 3158 550 3214 2⁰.
577 3161 627 3216 An
642 3167 782 3233 sequatur
794 3175 848 3233 per
863 3174 902 3221 se,
918 3152 962 3209 vel
977 3165 1010 3210 ut

89 3234 244 3310 plurimum.
288 3239 327 3296 3⁰.
350 3240 467 3311 Quanta
491 3237 529 3294 sit
551 3237 694 3312 obligatio
715 3235 845 3312 ponendi
873 3232 1007 3290 effectum

58 3338 60 3343 ¹
90 3314 184 3372 bonum
198 3329 226 3374 et
238 3319 419 3396 impediendi
430 3317 549 3376 malum.
591 3321 632 3377 3⁰.
649 3319 758 3376 Utrum
772 3316 868 3372 bonus
888 3312 1009 3371 effectus

90 3394 133 3453 ilii
147 3396 193 3453 visi
204 3399 356 3474 procurari
371 3419 429 3455 non
444 3399 544 3476 possit.

57 3522 59 3531 ,
119 3477 196 3536 Hinc
210 3479 327 3556 collige,
352 3478 431 3555 quod
445 3499 504 3536 non
518 3479 605 3537 liceat
627 3495 785 3553 procurare
805 3474 951 3541 abortum,
973 3473 1010 3529 nd

90 3554 293 3633 impediendam
307 3558 458 3617 infamiam
473 3560 580 3635 puellae
594 3577 630 3615 ex
644 3555 837 3614 fornicatione
861 3554 1010 3630 gravidoe3

91 3634 154 3707 lem,
168 3638 249 3714 quod
260 3659 321 3696 non
334 3639 420 3698 liceat
430 3639 563 3698 occidere
577 3638 684 3707 sutem,
693 3635 731 3693 ad
741 3633 881 3713 pecunias
896 3652 1012 3691 conser-

57 3732 59 3739 “
88 3716 290 3791 rendu85qu1'a
312 3719 436 3777 effeetus
457 3719 555 3777 malus
581 3730 625 3776 est
639 3717 761 3799 majoris
773 3713 1030 3777 considerationis-

74 3788 145 3855 qos'rn
159 3797 346 3854 conservatio
361 3799 448 3856 famas
463 3800 511 3858 vel
526 3802 680 3879 pecuniae.
