2160 4072
349 114 394 158 os
403 92 408 101 ’
418 109 658 159 consessum.
907 90 976 165 891·

53 298 63 323 0
82 266 153 329 177.
175 259 233 320 DE
254 260 432 319 AGENTE
447 258 620 321 CONTRA
634 255 970 327 CONSCIENTIAM.

64 418 222 500 Nunquam
233 418 296 477 lieet
306 439 390 498 ogere
402 426 500 479 contro
513 420 718 479 coercitatione.
742 416 784 476 ll.
800 417 971 500 Proecipiea-

63 510 123 559 tem
138 507 188 557 aut
199 497 395 577 prohibentem,
438 500 499 562 111.
517 497 589 569 Quis
612 508 758 557 conseatur
777 517 862 578 cgere
874 508 971 560 eontra

61 577 270 639 conuentum.
313 579 367 637 lV.
382 579 497 639 Manita
508 597 563 658 pro
579 578 777 656 consectariis.

64 740 130 799 AN
143 737 304 816 aliquando
316 738 432 797 licitum
446 749 589 819 satagere
603 748 706 799 contra
719 737 949 799 conscientiam?

69 820 95 877 1.
118 820 156 877 R.
180 821 340 896 Nunquam
351 819 422 879 licet
431 838 520 898 agere
533 831 635 879 contra
648 819 855 878 conscientiam
869 819 971 896 prohi-

53 908 148 957 entem
170 909 222 957 aut
234 898 465 977 precipientem,
490 900 552 960 sive
564 900 616 958 ills
635 899 813 959 conscientia
833 898 971 972 sitrecte,

54 1000 93 1038 ve
104 997 226 1037 erronea
238 1002 248 1050 3
273 980 344 1058 quia
355 978 533 1041 couscientia
546 992 591 1040 est
609 979 714 1056 regula
732 990 851 1039 actuum
866 979 971 1038 huma-

53 1078 154 1121 orum:
176 1059 259 1136 atqui
272 1071 354 1119 amris
368 1060 514 1120 difformis
523 1082 584 1120 suae
597 1058 710 1137 regule
724 1070 768 1118 est
783 1058 971 1121 defectuosus

53 1152 60 1199 t
73 1139 171 1199 malus
186 1160 287 1217 ;ergo,
302 1151 357 1199 etc.
372 1139 443 1200 hinc
455 1140 486 1200 S.
501 1141 608 1201 Thom.
617 1151 671 1198 art.
683 1138 730 1199 cit
748 1147 768 1174 “
783 1140 905 1212 Quaevis
919 1161 971 1200 vo-

64 1219 164 1279 luntas
178 1220 319 1280 iratione
333 1219 485 1280 siverecta
496 1222 557 1280 sive
570 1231 686 1280 errante
700 1218 880 1291 discordans,
895 1241 971 1280 sem-

64 1319 121 1380 per
134 1313 180 1359 est
193 1299 295 1358 mala.''

72 1382 219 1440 Probatur
233 1401 269 1439 ex
293 1383 397 1458 Apost.
420 1381 459 1441 sd
475 1381 559 1440 Rom.
580 1400 645 1459 cap.
662 1387 707 1439 14.
722 1400 752 1437 v.
775 1387 823 1439 23.
837 1379 971 1440 dicentes

62 1481 161 1533 omne,
188 1460 269 1540 quod
282 1481 342 1518 non
362 1471 457 1520 estex
470 1458 539 1533 fide,
565 1471 720 1540 peccatum
734 1461 824 1519 est:”
844 1461 898 1520 ubi
919 1482 974 1540 per

60 1540 150 1600 fidem
160 1539 177 1566 '’
190 1540 355 1601 Concilium
374 1543 569 1601 Lateranense
579 1542 634 1601 IV.
649 1540 884 1617 chrysostomus,
899 1544 974 1600 Am.

53 1623 149 1681 rusius
176 1634 205 1681 et
232 1622 409 1698 insigniores
432 1623 610 1700 interpretes
633 1620 806 1697 intelligunt
825 1620 974 1681 dictamen

53 1702 226 1762 inscientia.
269 1701 352 1760 idem
367 1703 453 1762 docet
466 1704 576 1763 ibidem
590 1723 620 1760 v.
637 1710 682 1760 rt
712 1701 803 1775 “Qui
826 1702 975 1764 existimat

65 1781 142 1862 quid
161 1800 316 1841 commune
329 1802 402 1850 esse,
417 1783 462 1842 illi
475 1802 633 1842 commune
642 1782 714 1851 est‚’'
734 1781 766 1839 id
780 1792 834 1849 est,
857 1783 909 1860 qui
923 1804 976 1842 ea.

53 1864 144 1924 timot
157 1862 270 1940 aliquid
283 1862 469 1921 immundum
480 1881 553 1931 esse,
580 1861 625 1921 illi
638 1862 825 1920 immmdum
838 1873 901 1922 est:
916 1865 977 1923 uti.

54 1965 92 2003 ue
107 1944 180 2022 quia
192 1943 369 2001 conscientia
380 1943 447 2002 talis
469 1942 598 2002 hominis
611 1960 680 2001 eum
699 1941 813 2018 obligat
835 1942 874 2001 ad
885 1944 976 2002 abab

53 2025 178 2094 endum,
199 2023 323 2102 perinde
336 2042 372 2083 ae
385 2025 408 2082 εἰ
422 2023 507 2083 cibus
519 2022 692 2081 immundus
711 2032 788 2081 esset
800 2031 831 2080 et
842 2022 977 2100 probibi-

53 2125 100 2165 ts:
113 2105 195 2164 unde
208 2105 318 2163 dicitur
332 2123 359 2162 v.
370 2110 417 2163 23.
433 2110 454 2137 “
468 2102 530 2174 Qui
540 2102 691 2172 discernit,
706 2101 730 2160 si
744 2101 978 2174 manducaverit,

67 2186 229 2246 damnatus
242 2195 288 2245 est
299 2186 333 2254 ;''
360 2183 460 2261 idest,
476 2181 671 2252 Christianus,
694 2182 744 2260 qui
756 2181 872 2261 judicat
895 2183 977 2246 cibos

53 2266 201 2327 temdum
210 2266 306 2344 legem
315 2264 483 2324 immundos
491 2263 548 2325 sibi
561 2281 624 2322 esse
633 2262 761 2335 illicitos,
776 2275 805 2321 et
817 2274 918 2322 tamen
928 2285 979 2325 eos

53 2349 138 2416 omit,
160 2345 355 2405 damnationis
365 2364 434 2404 reus
446 2355 498 2403 est

74 2428 224 2487 Probatur
234 2426 320 2485 etiam
334 2445 371 2483 er
385 2425 436 2485 lib.
452 2433 479 2487 2.
488 2424 679 2483 decretalium
693 2424 737 2483 tit
755 2430 801 2483 lo.
813 2442 878 2500 cap.
894 2430 915 2457 “
928 2424 976 2482 lit·

64 2522 149 2567 teras
162 2505 249 2567 tuas·
274 2505 327 2564 ubi
340 2505 467 2576 dicitur3
489 2513 509 2539 “
520 2504 677 2583 Quidquid
701 2503 736 2561 fit
748 2513 851 2561 contra
864 2505 978 2569 consui.

68 2589 193 2656 entiam,
215 2587 339 2648 edificat
358 2585 397 2645 ad
416 2586 610 2663 gehennam.”
865 2618 868 2623 >
901 2620 906 2645 -.

75 2667 123 2729 ll.
139 2668 262 2728 Dictum
273 2677 318 2727 est
330 2690 336 2725 :
349 2674 368 2701 “
383 2678 485 2727 contra
495 2663 702 2725 conscientiam
712 2663 919 2741 prohibentem
928 2680 981 2730 aut

64 2748 291 2828 praecipientem
302 2770 311 2816 ς
321 2751 337 2771 ”
359 2747 438 2825 quia,
458 2746 481 2803 si
505 2744 684 2805 conscientia
698 2746 737 2802 sit
749 2744 906 2805 consulent
916 2756 980 2809 teu·

53 2828 112 2898 lin,
125 2840 179 2887 out
192 2829 379 2906 permittens,
397 2825 511 2904 aliquid
524 2845 587 2884 esse
599 2826 712 2884 tantbm
725 2825 764 2882 de
777 2825 915 2898 consiliu.
929 2843 982 2888 cut

53 2912 118 2976 sere
135 2909 320 2988 permissum,
334 2925 394 2967 non
407 2916 586 2984 praeceptum
595 2904 649 2963 -vel
663 2903 857 2982 prohibitum,
879 2919 982 2969 contra

53 3010 103 3051 am
117 3007 215 3068 agere,
236 3007 296 3047 non
306 2999 351 3047 est
363 2987 517 3047 illicitum:
533 2985 614 3062 quod
627 2987 704 3043 enim
727 2985 810 3045 nulli
818 2984 885 3064 lege
906 3009 982 3066 pra.

53 3084 161 3150 eptam
175 3081 228 3137 est,
250 3080 351 3127 contra
364 3068 498 3144 idagere
511 3066 622 3125 licitum
634 3076 687 3123 est.
892 3078 895 3083 ·

79 3148 384 3230 obj.1.00nfessarii
406 3146 603 3225 praescribunt
627 3144 815 3221 scrupulosis,
829 3156 871 3210 ‚ut
894 3160 984 3224 agant

53 3244 144 3293 ontra
154 3231 379 3291 conscientiam
403 3248 476 3306 ergo
485 3226 528 3285 eis
535 3225 650 3287 licitum
664 3236 709 3285 est
722 3228 984 3306 conmaconscimn

53 3334 112 3375 tam
127 3334 144 3370 a
167 3332 223 3370 ere.
815 3362 818 3369 .

81 3397 119 3454 R.
135 3334 211 3470 ἕεις.
233 3402 326 3451 εεῑεε.
348 3389 429 3464 Quia
442 3387 621 3466 scrupulosis
633 3389 750 3446 tantum
771 3387 982 3462 proscribitur,

53 3486 76 3535 rt
89 3474 225 3551 depositi
236 3471 427 3540 consumtis,
454 3480 544 3547 agunt
557 3479 659 3528 contra
672 3466 827 3543 scrupulos
840 3478 871 3527 et
883 3470 984 3531 anxie-

53 3569 142 3624 atem‚
157 3573 245 3631 quam
260 3553 306 3611 illi
317 3549 522 3623 iconscieutio
533 3568 593 3609 non
607 3545 806 3624 distinguunt.

80 3637 156 3716 Obj.
179 3636 220 3693 ΙΙ.
243 3633 353 3692 Saltem
367 3632 438 3691 licet
449 3648 540 3708 agere
552 3640 656 3689 contra
668 3627 876 3691 conscientiam
902 3650 982 3691 erro·

53 3740 138 3788 tonsu
153 3718 215 3774 cum
228 3714 282 3772 illa
294 3713 334 3774 sit
342 3712 404 3792 legi
419 3722 537 3774 sterne
551 3707 710 3771 contraria.
