2160 4072
76 119 142 184 404
444 128 646 181 rancrarcs

114 286 166 345 An
177 291 284 362 pecca
295 298 357 340 non
366 279 516 340 audiendo
529 280 654 340 Sacrum
667 278 719 339 die
732 281 838 352 Festo,
852 274 904 360 qui
916 300 999 343 cnm
1020 322 1021 329 κ

75 365 209 426 inclusus
221 364 342 422 erronei
355 370 453 440 putat,
467 380 500 420 se
512 359 590 420 illud
601 377 663 418 non
673 361 831 420 audiendo
842 365 973 441 peccaret
1017 419 1024 441 ,

120 447 155 505 R.
177 443 335 522 Negant,
358 441 451 520 idque
478 443 518 500 ob
544 440 696 500 defectum
720 441 875 507 libertatis
887 466 897 516 ς
918 442 1004 503 deinde
1018 440 1031 489 ἰ

80 524 204 586 omissio
216 525 267 583 illa
281 523 364 583 Sacri
376 522 462 583 nullo
474 522 564 581 modo
576 522 614 580 ab
628 520 695 599 ejus
708 519 872 582 voluntate
882 522 1003 603 procedit,

78 616 202 677 attento,
227 602 308 682 quod
334 602 411 662 iilud
435 603 584 663 dictamen
610 621 772 662 erroneum
798 604 964 664 nullatenus
981 604 1005 663 in
1037 606 1039 620 '

76 685 266 747 omissionem
279 684 394 744 influat.
1024 712 1027 717 ·

119 769 171 828 An
183 766 244 836 illc,
263 766 318 845 qui
330 774 427 844 putat,
454 774 553 823 motus
571 762 799 843 primbprimos
823 784 890 825 esse
900 774 1006 844 maan
1045 818 1050 839 ,

80 867 137 929 per
149 846 217 905 illoe
236 849 365 924 peccat?
1027 842 1050 938 Ι)

122 929 159 988 R.
174 926 320 1005 Negative
330 949 342 999 3
355 924 427 1004 quia
439 943 500 985 non
512 924 576 1003 agit
587 921 689 994 libere,
704 924 759 984 sed
772 927 949 985 necessitate
959 924 1007 1004 agi-
1038 929 1040 939 '

80 1020 141 1068 tur.
183 1006 268 1065 ldcm
281 1025 351 1066 cum
366 1008 483 1066 Nceaen
494 1017 525 1066 st
538 1003 674 1065 Pauwcls
686 1004 853 1065 dicendum
867 1006 906 1065 de
918 1026 959 1079 eo,
970 1022 1007 1085 qa
1048 1069 1050 1075 ,

79 1098 200 1167 putaret
214 1100 309 1146 motus
319 1086 462 1148 secando·
485 1086 574 1145 rimos
584 1103 648 1144 esee
656 1095 781 1163 peecata
790 1086 945 1161 mortalia;
956 1084 1015 1167 quir.
1043 1129 1050 1171 t

81 1166 399 1247 nonadcstlaufficieus
411 1107 640 1227 dehiieratioad
648 1165 783 1226 mortale.
1043 1168 1050 1185 “

254 1328 376 1416 ωε.
416 1327 476 1388 nu
499 1325 862 1389 rnonannmnru.

86 1448 111 1506 I.
125 1446 288 1530 Dupliciter
304 1447 458 1527 accipitur.
499 1448 544 1509 11.
569 1444 800 1527 Propositioalia
814 1444 1007 1526 mobodillsol
1036 1436 1050 1505 ¹.

121 1526 282 1599 intrinaoeo,
308 1528 368 1588 alia
397 1527 434 1587 ab
456 1527 620 1587 cartaceo.
661 1524 724 1586 III.
767 1527 875 1607 Magis
891 1536 919 1586 ct
937 1526 1008 1587 minu

214 1604 288 1679 bilis,
331 1606 384 1667 lv.
396 1607 439 1666 Ac
450 1608 528 1687 aqud
532 1602 697 1685 probabilia
731 1607 770 1666 V.
786 1604 1008 1666 Probabiliatss

155 1686 179 1744 1.
201 1685 346 1746 Sententia
371 1684 530 1745 munais.
572 1683 644 1743 t‘11.
669 1685 863 1756 Commorim,
886 1694 915 1744 et
938 1684 1010 1746 stitit

124 1765 286 1824 mannis.
329 1762 419 1825 VIII.
442 1761 659 1825 Probabila'uaet
673 1766 760 1825 tutius
780 1764 935 1847 differm.
971 1764 1009 1824 lx.
1048 1773 1050 1828 ἶ

128 1843 333 1922 Propositioncs
344 1845 493 1906 damnaloe.
534 1845 573 1904 X.
594 1844 794 1924 Improbabile.
1030 1860 1036 1877 '

126 1964 425 2035 ottonianus
452 1964 514 2024 vim
539 1965 667 2023 nominis
694 1975 822 2043 spectes,
852 1964 961 2024 dicitur
982 1936 1038 2029 nl

85 2044 168 2122 quod
178 2046 298 2121 probari
310 2055 428 2123 potest;
451 2056 480 2104 et
493 2045 550 2103 hoc
565 2065 651 2104 sensu
667 2066 744 2124 saepe
759 2046 891 2105 sumitur
905 2044 981 2123 apud
992 2042 1011 2101 S·
1045 2110 1050 2119 ἠ

86 2127 166 2201 Aug.
188 2135 219 2182 et
241 2126 314 2183 alios
339 2128 587 2196 Patres3veri1m
609 2127 696 2205 juxta
723 2143 916 2186 communem
941 2140 1011 2183 usun
1043 2122 1050 2146 ³

83 2221 165 2262 nunc
179 2205 306 2264 sumitur
314 2226 370 2283 pro
382 2226 428 2276 eo,
440 2205 522 2283 qnod
534 2207 638 2265 nititur
652 2207 839 2283 argumentis
852 2205 1012 2266 habentibus
1046 2272 1048 2277 .

84 2287 286 2362 apparentiam
301 2286 364 2343 veri
377 2298 409 2345 et
420 2286 505 2354 liciti,
520 2285 573 2344 sed
585 2305 646 2344 non
660 2287 880 2346 certitudinem.
1037 2260 1049 2375 i*

128 2364 154 2425 l.
170 2365 327 2424 Probabile
340 2366 397 2426 hoc
417 2366 512 2444 accipi
533 2377 632 2444 potest
645 2366 825 2443 dupliciter:
853 2366 892 2424 1⁰.
916 2367 1013 2425 Proas·
1040 2378 1048 2385 ·’

87 2464 175 2503 sensu
189 2445 355 2505 intellectits
367 2447 456 2506 alicui
469 2447 664 2524 propositioni
676 2446 826 2524 probabili
837 2470 846 2518 ;
862 2459 893 2505 et
906 2460 975 2505 tunc
983 2454 1014 2501 est
1041 2478 1044 2505 ι

85 2525 186 2603 opinio
198 2545 251 2585 seu
266 2527 444 2586 conscientia
463 2525 634 2602 probabilia
675 2526 718 2586 2⁰.
731 2529 772 2584 Et
795 2528 893 2603 magis
914 2523 1014 2602 propriu,
1042 2554 1050 2601 ¹..

86 2621 143 2682 pro
156 2607 274 2684 objecto
287 2607 367 2665 illius
381 2606 523 2676 assensus,
551 2618 582 2667 et
595 2606 706 2666 dicitur
720 2607 888 2684 propositio
901 2627 953 2665 seu
965 2622 1015 2662 sen·
1043 2608 1050 2631 ”’

87 2685 179 2743 tentia
189 2688 359 2763 probabilis.
403 2689 488 2764 Saepe
510 2698 610 2745 tamen
624 2688 687 2746 hac
700 2687 761 2745 duo
775 2687 1003 2745 confunduntur.

129 2766 272 2842 Opinioni
286 2789 337 2826 seu
352 2767 535 2827 conscientiae
546 2768 694 2844 probabili
714 2786 831 2826 annexa
845 2778 891 2826 est
905 2762 1017 2824 formido

85 2843 127 2927 de
139 2848 276 2922 opposito
289 2868 327 2905 ex
340 2848 427 2907 dictis
440 2847 530 2905 Num.
547 2847 614 2914 176.

130 2925 172 2984 11.
189 2927 353 3004 Propositio
366 2929 424 2987 alia
437 2927 547 2986 dicitur
561 2928 724 3005 probabilis
754 2935 776 2960 “
789 2927 828 2985 ab
843 2926 1018 2994 intrinseco?

88 3026 156 3083 quoe
170 3006 315 3065 fundatur
336 3009 368 3066 in
382 3008 564 3086 argumentis
582 3008 684 3086 petitis
698 3029 736 3067 ex
751 3008 910 3085 Scriptura
924 3008 963 3076 S.,
974 3006 1019 3064 Ec·

89 3086 185 3145 clesiae
198 3086 356 3148 traditione
369 3089 418 3147 vel
430 3090 544 3147 ratione
555 3111 564 3160 ;
592 3089 649 3146 alia
659 3087 821 3166 probabilis
837 3094 858 3123 “
872 3089 911 3146 ab
923 3085 1020 3145 extrin-

90 3176 109 3200 “
124 3163 217 3237 seco‚’'
231 3172 327 3245 quai
353 3169 472 3228 motivis
497 3168 668 3227 extrinsecis
692 3168 828 3237 sumitur,
851 3168 953 3245 qualia
966 3173 1021 3224 sunt

88 3246 258 3307 Doctorum
280 3268 332 3307 eeu
348 3249 515 3307 Authorum
540 3248 680 3325 suffragia
693 3258 723 3306 et
736 3248 917 3319 testimonia,
946 3257 1024 3323 atque

90 3327 161 3385 hinc
174 3340 229 3399 est,
241 3330 321 3406 quod
339 3329 539 3388 Probabilistm
558 3329 704 3388 ordinarii
718 3329 811 3387 citent
824 3328 948 3386 turbam
971 3330 1023 3385 Au·

88 3407 218 3478 thorum,
232 3420 267 3467 ut
276 3410 511 3488 propositionem
523 3410 654 3488 aliquam
668 3408 795 3467 reddunt
807 3409 847 3466 ab
870 3407 1024 3467 extrinseco

86 3488 280 3565 probabilem.

31 3576 36 3585 '
129 3569 222 3627 Notat
233 3581 334 3627 tamen
348 3570 393 3627 La
403 3571 502 3641 Croix,
513 3569 674 3648 implicare,
689 3568 770 3647 quod
784 3567 903 3647 aliquid
917 3569 956 3627 sit
968 3586 1026 3647 pro·

84 3646 185 3707 babile
198 3650 237 3711 ab
250 3649 422 3725 intrinseco,
428 3650 488 3709 nisi
495 3652 585 3709 etism
591 3649 791 3727 sitprobabile
801 3651 839 3707 ab
852 3650 1012 3707 intrinseco
1019 3667 1027 3715 ;

75 3729 149 3808 quia
163 3733 338 3795 authoritas
352 3752 418 3793 non
441 3741 557 3800 movet,
579 3729 645 3786 mei
661 3727 843 3800 'acquantum
856 3729 1037 3798 ommam

65 3813 243 3897 conjuncta
251 3813 570 3894 rationibuemuiim
577 3799 1050 3869 bumffimfflmffim
