2160 4072
71 79 113 144 70
450 96 649 141 rascrarus

115 243 150 298 R.
165 239 302 298 eonoedo
325 251 442 300 totum·
470 241 606 318 quamvis
624 242 702 300 enim
726 240 810 299 Deus
836 239 1017 315 gratuitum

72 331 141 378 ante
163 319 268 378 merita
282 321 536 415 praedestipaverit
555 321 705 379 bominem
724 319 764 377 ad
788 318 990 395 gloriam,

75 400 142 458 vult
155 410 254 458 tamen
266 420 331 460 eam
343 401 430 460 dare
422 421 454 459 ιιι
467 413 610 480 tempore,
631 401 688 458 nisi
702 409 825 478 propter
840 401 961 459 merita:

75 480 118 538 ita
143 479 174 537 in
205 481 378 539 executione
400 492 444 540 est
462 493 547 540 uetus
570 480 705 559 justitia,
743 490 773 538 et
792 479 889 557 gloria
902 498 1017 547 mero·

79 580 220 638 operum;
214 560 313 618 ·unde
329 563 412 620 Deus
421 562 515 639 gratis
528 561 661 620 decrevit
675 559 746 619 dam
758 558 852 619 vitam
863 564 1017 633 aterum,

75 639 128 698 sed
140 660 200 698 non
212 640 344 720 decrevit
355 641 425 700 dare
433 642 535 720 gratis,
551 662 604 701 seu
617 641 674 719 ly‘
676 641 792 719 ‘gratis'
793 641 901 700 ’afficit
913 641 1017 707 decimu¹

80 733 144 778 tum
159 720 303 790 divinum,
319 740 379 779 non
392 721 484 800 ipsam
495 722 693 781 donationem.
1003 746 1017 787 ι

119 800 191 878 Obj.
208 801 250 858 Il.
267 801 403 860 Christus
422 803 530 862 Matth.
557 823 622 880 cap.
636 810 685 862 25
700 822 728 859 v.
744 808 794 861 34.
808 798 980 859 referturdi

80 893 167 939 turus
179 881 438 958 pradestinatisff
440 883 575 953 ‘Venite,
590 881 741 941 benedicti
756 880 853 939 Patris
867 881 936 950 mei,

77 961 170 1019 sidete
196 973 333 1038 paratum
352 963 437 1022 vobis
461 982 595 1038 regnum.
619 984 646 1022 v.
676 969 724 1021 35.
747 960 869 1020 Esurivi
894 960 970 1018 enim
1002 1036 1005 1041 Ι

81 1040 290 1099 dedistismihi
313 1043 515 1102 manducare”

123 1123 156 1180 R.
173 1122 323 1180 Christum
328 1123 419 1227 loqui
432 1125 470 1182 de
483 1122 587 1181 ordrue
595 1136 792 1185 executionis
802 1121 845 1179 ita
858 1132 893 1179 ut
906 1075 976 1178 illa'

80 1201 154 1259 tio“
165 1203 275 1260 esurivi
288 1204 386 1273 enim,'
388 1206 459 1262 ’etc
472 1204 578 1262 afficiat
592 1204 717 1271 verbast
720 1201 837 1260 ‘venite
850 1199 951 1278 possid
1012 1209 1017 1268 ζ

81 1301 142 1338 ιιοιι
155 1295 255 1339 antem
267 1286 433 1342 verbum“
447 1285 610 1362 paratum.''
641 1284 725 1341 Patet
738 1282 803 1340 haec
813 1281 923 1340 solutio
936 1296 994 1338 ext
1015 1290 1017 1292 ’

83 1368 132 1420 4l
147 1362 198 1421 ubi
213 1363 301 1420 simili
317 1363 559 1423 Ριιιιιιιιιιιιιιι·
574 1362 847 1430 “discediteisme
868 1359 972 1420 maledi

81 1442 113 1498 in
139 1443 237 1520 ignem
263 1453 415 1510 aeternum,
451 1464 503 1520 qur
516 1454 639 1521 paratus
662 1455 707 1501 est
728 1441 847 1500 diabolo
861 1436 1017 1533 etangq'³

82 1523 583 1600 ‘ejusv.42.”‘Esur1vren1m‚
608 1527 682 1582 etc.”
708 1523 760 1581 ubr
771 1521 893 1580 illud
908 1521 979 1578 esuri
1011 1514 1017 1529 ⁴

82 1604 199 1660 “enim’
202 1603 306 1660 'nullo
321 1603 409 1716 lqodo
421 1603 525 1663 referri
538 1615 637 1681 potest
650 1603 688 1661 ad
702 1604 860 1662 verbum“
870 1613 990 1679 paratus,
1006 1656 1009 1663 .

82 1682 134 1740 sed
147 1681 262 1741 tantum
276 1683 349 1741 arl“
363 1684 531 1744 discedite.”

122 1761 194 1855 Obj.
209 1762 268 1820 ιιι
280 1764 331 1822 Ad
346 1765 429 1823 Rom.
439 1785 502 1843 cap
518 1773 545 1824 8.
560 1785 588 1822 v.
603 1773 650 1833 29.
667 1763 823 1822 diciturr‘
827 1763 930 1835 Quos
943 1778 1003 1851 pro·

87 1842 207 1900 “scivit
219 1854 250 1900 et
273 1786 505 1938 praedestinavit,
530 1845 696 1903 conformes
709 1843 800 1902 lieri
792 1843 930 1918 imaginis
950 1838 1005 1898 Filii

83 1921 144 1982 sui.
153 1924 256 2000 ”ergo
265 1925 459 2001 praescientia,
470 1925 574 2002 utique
588 1924 770 1994 meritorum,
789 1923 932 2001 praecedit
944 1941 1017 2031 prae÷i

86 2001 319 2063 destinationem.

122 2085 156 2141 R.
173 2085 250 2161 Neg
265 2104 384 2162 conseq.
395 2106 466 2163 quia
478 2093 568 2162 per
571 2085 762 2162 ‘prescivit'’
780 2082 1017 2176 intelligitur,
982 2038 1017 2145 uti

86 2163 199 2221 dictum
210 2173 285 2234 ests
287 2164 501 2264 ‘praedilexitj’
521 2165 569 2223 vel
580 2185 683 2223 sensus
698 2176 751 2231 est,
767 2184 842 2240 quos
856 2164 888 2220 in
902 2184 955 2220 suo
967 2161 1007 2218 de·

84 2254 165 2301 creto
187 2247 338 2322 praescivit
361 2245 491 2322 gratuiti)
505 2245 544 2303 ad
568 2245 691 2322 gloriam
714 2245 1009 2322 praedestinasses

85 2323 217 2382 decrevit
231 2325 396 2384 conformes
410 2326 496 2384 fieri
488 2325 627 2402 imaginis
641 2325 709 2384 Filii
725 2325 780 2382 sui.

125 2403 195 2482 Obj.
209 2404 262 2463 lV.
276 2407 350 2465 Haec
364 2407 509 2465 sententia
522 2405 648 2464 destruit
662 2406 793 2465 studium
807 2405 884 2463 benc
898 2419 1014 2480 operas·-

88 2483 129 2555 di,
143 2497 173 2543 et
186 2485 266 2543 tollit
281 2487 435 2545 Pastorum
447 2485 685 2546 sollicitudinem·
697 2485 799 2544 licebit
807 2485 887 2543 enim
899 2484 1017 2555 discerq·

87 2585 111 2622 sr
103 2565 145 2625 J
147 2584 256 2624 oannes
270 2567 308 2624 sit
321 2567 558 2660 predestinatus,
569 2567 772 2643 quidcumque
786 2564 890 2642 egerit,
915 2560 1012 2621 intuli}

86 2644 185 2703 biliter
200 2646 379 2706 salvabitur:
404 2649 428 2706 si
442 2667 503 2706 non
517 2647 554 2706 sit
566 2644 805 2723 praedestinatus,
827 2643 1012 2702 infallibiliter

88 2724 295 2785 damnabitur·
285 2747 393 2804 ergo,
404 2740 460 2786 etc

124 2805 159 2863 R
173 2806 211 2864 1⁰.
214 2803 1015 2899 'Hocargumentuminoronisententisestsolvendum,

88 2887 157 2942 crim
182 2886 270 2959 etiam
291 2888 398 2947 militet
423 2898 526 2946 contra
544 2886 604 2945 Dei
624 2886 849 2963 praescientiam,
879 2896 913 2942 ut
936 2898 1016 2977 suprs

88 2958 225 3024 vidimus.

127 3045 169 3104 2⁰
186 3046 486 3124 Illudargumentum
500 3059 546 3106 est
555 3067 671 3106 merum
693 3043 1016 3138 Sophisnra,ci1msup·

89 3137 181 3201 ponat
191 3128 289 3186 Deum
303 3127 564 3204 praedestinarem
577 3127 735 3205 gloriam
713 3146 776 3183 sine
790 3126 931 3217 operibus
950 3120 1017 3181 obti-

89 3207 217 3264 nendum
218 3208 317 3285 ,quod
325 3228 381 3285 pro
390 3207 500 3267 adultis
509 3208 614 3268 fulsum
625 3220 680 3275 est
691 3218 798 3264 etenim
808 3206 944 3262 executio
952 3221 1017 3280 pra«

91 3252 294 3346 destinationis
307 3287 341 3346 fit
357 3287 557 3347 mediantibus
576 3288 715 3367 operibus
729 3299 759 3344 et
781 3285 905 3353 meritis,
931 3298 1017 3373 neque

90 3367 316 3442 praedestinatus
327 3367 499 3462 salvabitur,
514 3387 571 3427 nisi
579 3369 712 3446 acquiret
726 3366 848 3423 merita·
841 3359 1017 3422 ·infallibili·

92 3458 138 3504 ter
152 3447 272 3524 quidem
284 3448 390 3506 merita
410 3450 553 3526 acquiret,
569 3451 621 3508 sed
636 3448 710 3505 forti
727 3448 810 3505 Deus
822 3445 926 3514 voluit,
938 3439 1017 3502 utillt

91 3529 284 3605 acquiratper
292 3527 521 3587 sollicitudinem
530 3531 681 3587 Pastorum
686 3526 1017 3602 ,autperorationesnos-

89 3624 159 3676 traS,
171 3620 204 3665 ut
212 3607 321 3668 drcrtS
329 3613 410 3686 Aug.
416 3608 538 3668 librode
552 3607 904 3698 “donoperseverasptiffl
914 3624 976 3682 cap.
980 3607 1014 3659 ιι

133 3686 275 3747 Similiter
299 3691 444 3781 reprobus
466 3709 526 3748 non
549 3689 749 3779 damnabitur,
780 3685 837 3744 nisi
860 3679 1017 3762 peccaverit

80 3766 261 3838 mortaliter,
285 3771 369 3829 etin
392 3782 518 3849 peccato
533 3769 654 3829 mortali
673 3765 831 3832 morietur
850 3772 1017 3842 quapropter

62 3860 176 3919 pastor
188 3851 360 3932 invigilare
375 3851 480 3924 debet,
511 3872 554 3912 ne
566 3850 602 3912 id
614 3850 671 3908 sub.
684 3842 911 3922 culpaucc'rbut.
