2152 4066
58 89 61 93 ’
107 90 174 163 198
273 144 277 148 «
475 118 677 163 raacrarns

112 270 157 318 est
182 260 298 319 ratione
320 262 419 340 operis
445 263 495 322 hic
508 275 539 323 et
551 284 633 324 nunc
654 263 787 344 ponendi
811 263 858 322 vel
884 261 1046 326 omittendis

112 339 239 417 proinde
253 342 302 400 illa
314 343 482 420 ignorantia
496 365 564 403 curn
578 366 668 423 opere
690 365 727 404 ex
741 365 776 402 ea
790 354 894 403 secuto
907 344 1047 411 constitut
1067 363 1068 367 ¹

115 419 229 503 tanturn
241 425 328 479 unirin
344 425 488 501 integrale
501 440 667 503 peccatum,
1057 450 1060 455 ·

158 501 198 558 11.
216 503 361 573 Secunda,
371 505 443 563 durn
458 505 626 582 ignorantia
637 519 681 565 est
695 524 809 575 eorum,
823 507 953 582 quirum
968 502 1050 563 nie»

116 581 157 638 tia
167 583 340 659 praecipitur
358 585 471 642 ratione
482 587 537 654 sui,
553 597 626 645 tunc
643 587 694 645 illa
705 597 749 644 est
759 585 892 662 speciale
902 593 1048 661 peccatura

120 660 293 719 distinctum
309 665 346 721 ab
355 665 416 734 illo,
432 666 512 742 quod
522 686 559 723 ex
573 665 625 724 tali
639 667 806 745 ignorantia
814 664 951 743 sequitur
964 685 973 734 ;
984 662 1051 740 ejur-

117 741 198 798 modi
211 753 256 799 est
277 744 450 820 ,ignorantia
469 746 628 823 culpabilis
645 746 856 824 mysteriorum
877 742 966 813 fidei3
994 746 1052 803 eta

121 821 187 898 quia
200 841 237 878 ex
251 822 302 880 illa
316 825 483 901 ignorantia
495 826 616 903 aliquod
631 839 785 904 peccatum
800 823 967 884 committat
990 842 1016 880 v.
1028 843 1052 901 g.

118 900 330 969 fornicationis,
345 905 487 982 ignorans
499 906 579 964 illam
590 926 656 966 esse
662 906 780 976 malam,
791 926 862 964 reus
871 905 929 963 erit
937 902 1055 963 duorum

118 993 318 1058 peccatorum,
333 986 446 1043 scilicet
458 986 632 1062 ignorantiae
657 1000 760 1045 contra
772 987 871 1054 fidem,
894 995 926 1042 et
938 982 1068 1051 fornica.¹

120 1062 208 1120 tionis
222 1074 324 1121 contra
339 1067 477 1124 virtutem
492 1067 642 1126 castitatis.
664 1066 750 1125 Ratio
760 1077 814 1128 est
824 1065 906 1143 quid
917 1063 1068 1122 violentur¹

119 1140 168 1200 hic
181 1141 243 1199 duo
256 1157 405 1222 praecepta
419 1164 455 1202 ex
470 1146 588 1204 diverso
600 1149 714 1205 motivo
723 1146 839 1204 formali
853 1146 924 1203 lata.

162 1223 234 1281 Huc
247 1236 360 1301 spectat
368 1228 534 1305 ignorantia
551 1247 664 1297 eorum,
692 1247 759 1303 quae
771 1227 931 1304 quisquam
946 1233 1058 1282 tenetur

122 1301 319 1363 reiteratione
330 1306 375 1364 sui
390 1304 481 1364 statis
495 1306 541 1364 vel
556 1308 745 1377 conditionis,
760 1328 787 1365 v.
800 1327 830 1384 g.
844 1315 876 1364 ut
890 1304 931 1363 sit
951 1305 1059 1373 Pastor,

123 1384 323 1456 consiliarius,
337 1387 481 1455 Medicus,
506 1397 561 1446 etc.
669 1396 672 1401 ’

155 1465 304 1557 ‘Quanam
319 1467 481 1545 generatim
496 1478 566 1524 sunt
576 1488 619 1537 ea,
643 1487 710 1545 quae
724 1466 933 1544 unusquisque
945 1461 1066 1523 adultus

122 1561 196 1602 scire
210 1554 350 1608 tenetur?
466 1616 480 1620 ἡ

167 1627 200 1682 tt.
216 1629 308 1687 Juxta
334 1629 364 1688 S.
381 1628 487 1686 Thom.
502 1639 604 1706 quaest.
619 1626 667 1695 76.
693 1638 748 1685 art.
767 1635 796 1686 2.
810 1626 843 1684 in
857 1632 876 1660 ‘¹
887 1627 999 1701 Corp.''
1018 1624 1066 1687 ill.

125 1705 226 1764 reduci
241 1721 365 1784 possunt
375 1708 413 1766 ad
426 1710 483 1766 tria
497 1729 616 1785 genera.
966 1712 969 1719 '

165 1787 256 1845 Primi
269 1790 386 1864 generis
401 1800 471 1847 sunt
484 1809 527 1857 ea,
550 1810 616 1866 quae
631 1798 765 1865 spectant
778 1787 817 1845 ad
832 1785 923 1844 fidem
938 1783 1068 1845 Catholi.

125 1870 366 1945 carn‚ntSymb.
383 1872 488 1946 Apost.
515 1881 571 1927 etc.
1062 1871 1068 1902 '³

164 1947 293 2006 Secundi
308 1950 424 2026 generis
436 1960 514 2014 sunt.
530 1969 597 2025 quae
610 1948 761 2026 pertinent
774 1947 812 2005 ad
828 1965 927 2004 mores
938 1963 1068 2007 comant-r¹

124 2029 201 2085 niter
224 2029 435 2098 inlbrmandoa
464 2041 496 2087 ut
509 2041 660 2106 praccepta
681 2027 825 2104 Decalogi
846 2038 876 2084 et
891 2025 1068 2085 universaliti

123 2109 199 2184 juris
214 2109 368 2186 principia,
385 2131 412 2167 v.
421 2131 452 2186 g.
469 2110 566 2166 Deum
576 2128 638 2166 csse
650 2108 818 2176 colendum,
829 2120 969 2184 parentes
979 2104 1068 2164 hona-r

127 2189 243 2257 randos,
259 2209 344 2247 suum
357 2190 465 2267 cuique
479 2190 682 2256 tribuendum,
695 2201 749 2246 etc.
1058 2198 1068 2243 “·.

167 2268 261 2326 Tertii
275 2270 394 2345 generis
408 2281 478 2328 sunt
492 2291 535 2338 ea,
551 2290 618 2346 quae
632 2279 767 2345 spectant
780 2268 818 2325 ad
833 2265 1068 2343 uniuscujusque·

46 2374 49 2383 ⁴
126 2358 244 2418 statum,
260 2350 397 2420 officium,
413 2362 469 2408 etc.
484 2350 582 2408 ethic
593 2351 705 2406 ratione
718 2349 875 2424 contingit,
891 2346 972 2424 quod
987 2347 1068 2422 ignor

126 2431 221 2489 rantia
235 2430 273 2488 sit
281 2430 438 2509 culpabilis
453 2443 590 2508 respectu
606 2429 708 2498 unius,
727 2448 787 2485 non
798 2438 935 2504 respectu
951 2426 1068 2497 alterimi

167 2512 245 2568 Nota
262 2514 343 2588 quod
365 2520 519 2588 peccatum
547 2531 584 2567 err
618 2509 784 2584 ignorantia
811 2506 999 2564 commissum
1026 2506 1068 2562 stt

124 2585 257 2668 ejusdem
266 2593 374 2668 speciei
383 2611 447 2650 curn
463 2603 583 2669 peccato
598 2590 722 2647 scienter
737 2590 814 2646 circa
824 2587 904 2645 idem
920 2586 1052 2663 objectura

126 2690 290 2729 commisso.

229 2818 418 2877 n.44.1>13
444 2815 649 2877 PECCATls
674 2813 970 2891 roborantia.

344 2963 375 3020 S.
395 2963 489 3020 Thom.
512 2970 607 3041 qrraest.
624 2959 671 3029 76.
683 2968 738 3017 art.
753 2963 781 3024 ἲ.
792 2967 817 3017 ct
833 2966 861 3016 3.

128 3108 150 3165 1.
161 3106 283 3167 Errores
294 3106 416 3184 Pelagii,
453 3105 496 3165 11.
520 3102 654 3173 Coelestii,
694 3103 754 3161 ΙΙΙ.
778 3103 816 3160 Et
832 3097 990 3159 Atatbrdt.
1012 3095 1054 3155 IV.

166 3188 284 3328 &interr
293 3198 411 3266 peccata
427 3186 606 3265 ignorantiae.
646 3183 684 3239 V.
699 3180 870 3260 Explicatur
883 3178 1006 3247 axioma,
1024 3173 1058 3232 nil

211 3269 286 3338 itam,
302 3275 352 3328 etc.
912 3272 917 3289 ⁸
947 3293 950 3297 ,

166 3413 189 3471 1.
206 3413 311 3471 DAlll
336 3423 456 3488 peccata
473 3408 648 3487 ignorantiae
668 3403 828 3482 aliquando
849 3401 971 3480 negavit
988 3399 1057 3459 Pela·

126 3493 211 3568 gius:
227 3505 330 3570 postea
338 3505 435 3550 tamen
449 3490 644 3568 ignorantiam
659 3484 830 3543 vincibilem
845 3495 875 3540 et
889 3480 1059 3558 culpabilem

124 3572 251 3631 admisit:
263 3572 315 3630 sed
325 3584 357 3630 ut
371 3573 438 3630 talis
452 3581 537 3636 esset,
549 3569 676 3626 debebat
684 3566 772 3645 juxta
785 3565 881 3641 ipsum
898 3562 1012 3620 viribus
1022 3580 1060 3619 sc·

101 3701 104 3703 .
123 3642 1062 3731 liusnaturaepossesuperari‚aliaseamreputabatinvincibilem·

164 3732 205 3792 ΙΙ.
221 3733 376 3792 Coelestius
395 3731 502 3808 Pelagii
520 3728 695 3806 Discipulus
709 3725 792 3783 nulla
805 3722 981 3803 ignorantia*
999 3739 1064 3800 pec·

127 3813 340 3885 cataadmisit;
368 3813 438 3870 hinc
452 3812 482 3868 in
499 3810 632 3869 Concilio
649 3805 782 3886 Diospol.
795 3805 933 3879 damnata
949 3814 993 3862 est
1006 3801 1066 3861 haec
