2160 4072
114 102 181 173 ⁸94
388 150 391 157 ·
487 121 685 167 ruacrarne

111 266 272 347 prohibeat
297 265 346 326 tel
371 267 526 347 precipiat
545 266 675 345 aliquem
698 278 804 325 actum
826 265 862 323 iu
884 261 1039 343 particuhn
1066 306 1073 326 t

116 347 254 426 quamvis
265 348 343 407 forte
356 347 406 407 lex
426 347 628 415 nunctiant,
653 345 720 417 scit,
747 344 834 424 qutd
858 355 1042 423 agerem

117 428 337 499 conscientiam,
364 428 402 487 rit
428 448 517 506 egere
541 438 644 487 contra
664 426 764 505 legem
784 435 857 485 actu
926 425 933 439 '

116 508 226 567 saltem
236 507 402 587 judicatam
414 507 514 568 talem.
1025 536 1030 545 ·

162 588 287 647 Dictum
314 599 360 648 est
382 588 414 647 iu
438 587 630 667 responsione
649 586 749 657 tertia,
764 593 788 621 ·‘
796 584 838 644 ad
857 564 1080 671 mindam-b

120 674 221 741 “tum
232 668 319 727 istius
330 668 467 747 speciei,”
481 680 537 729 etc.
555 669 635 747 quia,
649 666 675 725 si
687 686 773 727 error
786 665 827 725 sit
838 665 996 737 uincibilia,
1006 686 1046 745 po·
1069 714 1070 717 η

120 758 179 808 test
191 747 239 807 vel
253 768 289 807 ex
303 747 426 841 proprio
439 749 566 828 obJecto,
577 748 626 807 vel
636 746 757 806 aliunde
772 746 955 806 contrahere
965 745 1046 807 edla
1063 725 1080 770 Ι

121 828 194 889 alias
207 826 319 906 species
329 828 409 899 mah,
423 847 497 907 quas
509 829 588 888 forth
599 847 661 886 non
673 826 879 905 apprehendit
893 826 947 887 sed
958 846 1047 905 appre-
1072 857 1080 876 ·

122 906 253 966 bendere
265 918 363 967 tamen
378 908 477 987 potnit
489 920 520 968 ct
533 908 647 969 debuit
690 908 773 966 Hinc
786 907 811 965 si
826 906 900 984 quie
908 906 1048 967 excousd-
1065 885 1080 1010 ξ

122 989 202 1047 entia
211 1006 333 1047 erronea
345 998 433 1068 putet
444 992 561 1048 tautum
575 1007 639 1047 esse
648 986 764 1046 veniale
773 998 934 1065 peecatum
943 985 1050 1047 luxurie
1071 1023 1076 1038 ι

119 1085 191 1126 eum
205 1068 372 1147 conjugata,
383 1070 584 1128 consentiente
597 1068 713 1138 marito,
723 1067 879 1137 fornicari,
889 1066 1049 1147 taliterpeo·
1070 1097 1080 1116 τ

117 1166 192 1207 cans
204 1167 265 1208 nou
276 1151 388 1207 tantiru
410 1169 502 1227 grave
514 1158 669 1228 peccatum
684 1147 821 1218 luxuria,
836 1147 893 1205 sed
916 1147 1001 1211 etiam
1015 1148 1050 1207 iu·

117 1227 246 1307 justitia
256 1228 424 1289 committit.

164 1307 248 1382 Quid
261 1310 285 1367 si
299 1308 476 1369 conscientia
490 1308 531 1380 id,
546 1308 628 1387 quod
642 1308 681 1366 de
694 1327 726 1367 se
740 1316 787 1367 est
799 1306 988 1379 indifferens,
1003 1306 1052 1367 dir-

122 1398 167 1447 tet
181 1408 244 1448 esse
257 1388 369 1449 malum
382 1390 413 1448 in
427 1408 547 1467 genere,
561 1408 612 1449 seu
634 1388 686 1458 sic,
710 1398 744 1446 ut
757 1386 877 1445 nullam
891 1388 1054 1447 deterruiru·

122 1480 183 1526 tam
211 1470 340 1548 speciem
366 1470 486 1529 malitie
512 1468 735 1548 apprehendat3
760 1468 851 1547 cujus
880 1468 991 1547 speciei
1009 1466 1054 1527 erit

120 1547 204 1608 istud
272 1554 391 1610 catum?
670 1580 679 1593 «

164 1628 201 1687 V.
245 1630 341 1708 .Neg.
355 1630 540 1708 suppositum
553 1630 582 1689 S.
595 1630 702 1689 Thom.
717 1637 745 1688 1.
758 1634 788 1687 2.
803 1647 833 1705 q.
853 1637 903 1699 19.
916 1640 973 1689 art.
987 1638 1012 1691 5.
1024 1628 1054 1689 ul

123 1714 153 1766 3.
162 1717 307 1787 putatque
317 1728 434 1788 semper
446 1710 630 1789 apprehendi
638 1709 766 1787 aliquam
776 1708 849 1767 muli
860 1710 1003 1787 speciem,
1014 1708 1060 1769 sed.

121 1785 193 1847 dato
206 1789 392 1867 suppositum
406 1791 578 1867 contingere
591 1810 686 1873 posse,
705 1787 849 1867 equidem
863 1801 952 1850 ectus
975 1789 1054 1849 malus

120 1867 180 1927 erit
192 1868 224 1926 iu
238 1880 318 1928 certa
331 1868 439 1947 specie,
453 1870 524 1948 quia
538 1870 640 1929 saltem
667 1870 724 1928 erit
748 1878 856 1929 contra
880 1869 1054 1930 dilectionem

125 1949 193 2019 Dei,
208 1949 266 2021 vel,
286 1959 321 2008 ut
343 1949 465 2029 Sylvius
486 1961 516 2009 et
532 1950 657 2008 Billuart
676 1959 786 2019 amant,
808 1960 918 2010 eontra
930 1950 1053 2010 obedien·

123 2029 203 2100 tiam,
234 2033 266 2088 eo
292 2031 371 2108 qund
393 2030 468 2087 nibil
495 2041 529 2089 ut
543 2030 653 2089 malum
666 2029 853 2108 apprehendi
880 2031 984 2108 possit,
996 2031 1053 2109 quin
1078 2038 1080 2080 l

124 2107 198 2167 illud
213 2111 244 2168 in
259 2110 383 2170 confuso
397 2110 501 2170 saltem
522 2110 763 2188 apprehendatur
784 2120 819 2168 ut
839 2111 1052 2170 contravenient
1076 2141 1080 2164 ψ

123 2187 227 2248 divino
240 2201 396 2267 praecepto.

164 2270 327 2342 Quantum,
343 2270 405 2329 sive
423 2273 511 2348 quim
526 2290 616 2348 grave
629 2280 784 2348 peccatum
803 2281 850 2328 est
864 2290 957 2348 agere
970 2282 1050 2329 contra
1077 2310 1080 2328 .

124 2348 356 2409 conscientiam?
1070 2401 1080 2414 .

163 2429 216 2488 Vl.
234 2432 267 2488 R.
283 2430 484 2489 Committitur
497 2432 536 2489 ad
547 2431 640 2488 minus
654 2440 769 2488 tautum
783 2442 954 2506 peccatum,
976 2450 1046 2509 quan
1077 2484 1079 2489 .

122 2519 187 2567 tum
202 2509 451 2589 apprehenditur:
475 2511 554 2588 quia,
569 2511 645 2568 sicut
658 2510 779 2588 species,
805 2510 848 2566 ita
871 2511 961 2570 etiam
976 2529 1046 2588 quau·
1068 2538 1076 2574 :1

121 2588 192 2647 titus
212 2590 340 2658 malitiae,
355 2591 520 2649 desumitur
543 2592 581 2648 ab
601 2591 726 2669 objecto,
750 2599 840 2666 prout
856 2604 905 2649 est
918 2593 950 2649 in
962 2608 1046 2670 apprc
1068 2638 1079 2653 ,.

121 2668 264 2727 hensione
291 2671 458 2748 operantis:
478 2671 570 2729 etita
592 2671 617 2728 si
632 2669 809 2730 conscientia
822 2670 955 2751 alicujus
968 2673 1045 2736 (limet
1069 2695 1076 2705 ··

122 2748 310 2808 mendacium
323 2750 483 2808 officiosum
498 2771 561 2809 esse
574 2761 728 2829 peccatum
753 2751 887 2822 mortale,
908 2752 951 2811 sic
964 2749 1046 2810 menti·
1074 2794 1077 2801 .

123 2828 210 2898 endo,
225 2829 386 2889 mortaliter
400 2831 543 2907 peccabit.

165 2908 287 2967 Dictum
307 2921 353 2969 est
365 2909 491 2969 iterum:
514 2911 583 2969 “ad
596 2909 692 2969 mimis
702 2914 729 2984 ;''
754 2912 825 2989 quia
843 2924 947 2990 potest
961 2912 1047 2970 baben
1073 2930 1079 2971 l

119 2986 207 3045 aliam
217 2989 392 3066 gravitatem
404 2990 653 3066 vincibiliternon
662 2992 880 3069 apprehensam
891 3015 901 3062 ;
918 2995 959 3051 ita
967 2994 990 3050 si
1000 2991 1047 3068 quis

120 3087 157 3127 er
169 3068 347 3128 conscientia
355 3090 476 3128 erronea
481 3070 630 3148 judicaret
640 3072 803 3149 perjurium
814 3084 921 3131 contra
932 3074 1047 3132 comitem

121 3148 370 3208 veritaristantum
379 3151 743 3221 esseactumotiosum‚ille
753 3163 837 3211 actus
846 3152 1048 3231 essetequiden

122 3228 286 3287 mortaliter
295 3229 390 3288 malus
399 3253 407 3300 ;
418 3232 488 3306 quia
495 3250 576 3289 error
585 3231 635 3289 ille
645 3231 732 3290 facile
741 3242 787 3290 est
795 3233 958 3301 vincibilis,
968 3232 1048 3309 sicque

120 3327 214 3386 agens
225 3309 365 3367 malitiam
379 3309 514 3387 perjurii,
528 3310 751 3388 apprehendere
763 3312 863 3388 potuit
878 3324 910 3371 et
923 3312 1028 3371 debuit

163 3388 247 3461 Quid
265 3388 290 3445 si
304 3389 482 3448 conscientia
495 3390 587 3449 dictet
601 3391 720 3468 quidem
736 3391 851 3469 aliquid
866 3412 931 3451 esse
945 3392 1048 3453 malum

122 3467 175 3525 sed
190 3487 249 3525 non
264 3468 449 3543 determinet,
464 3489 501 3528 an
515 3471 554 3528 sit
573 3472 696 3529 mortale
710 3471 758 3529 vel
772 3472 901 3543 veniale,
923 3486 1049 3549 quantun

120 3558 280 3624 peccatum
290 3547 386 3607 taliter
399 3561 500 3608 contra
510 3550 717 3609 conscientiam
732 3572 824 3629 agens
838 3551 1020 3611 committit?

167 3627 238 3684 Vll.
250 3628 285 3684 R.
302 3629 329 3685 N
332 3632 452 3688 aturrus
461 3640 548 3707 putat
557 3630 647 3688 talem
658 3631 749 3688 solirm
760 3632 918 3691 venialiter
926 3648 1049 3710 ptem&

113 3705 192 3785 quia
206 3708 322 3768 tantirm
337 3708 463 3770 afficitur
484 3730 559 3787 erga
575 3721 734 3787 peccatum
749 3712 787 3767 'm
802 3732 924 3787 genere,
935 3711 975 3773 ud
986 3706 1051 3790 quel

106 3789 376 3854 constituendum
391 3790 503 3852 sufficit
514 3788 635 3849 melida
644 3785 782 3844 ventam.

1070 1257 1080 1327 i
