<?xml version="1.0" encoding="UTF-8"?>
<!DOCTYPE html PUBLIC "-//W3C//DTD XHTML 1.0 Transitional//EN"
    "http://www.w3.org/TR/xhtml1/DTD/xhtml1-transitional.dtd">
<html xmlns="http://www.w3.org/1999/xhtml" xml:lang="en" lang="en">
 <head>
  <title>
</title>
<meta http-equiv="Content-Type" content="text/html;charset=utf-8" />
  <meta name='ocr-system' content='tesseract 3.04.00' />
  <meta name='ocr-capabilities' content='ocr_page ocr_carea ocr_par ocr_line ocrx_word'/>
</head>
<body>
  <div class='ocr_page' id='page_1' title='image "./theologiamorali00densgoog_0181.png"; bbox 0 0 2160 4072; ppageno 0'>
   <div class='ocr_carea' id='block_1_1' title="bbox 41 109 660 177">
    <p class='ocr_par' dir='ltr' id='par_1_1' title="bbox 41 109 660 177">
     <span class='ocr_line' id='line_1_1' title="bbox 41 109 660 177; baseline 0.002 -9"><span class='ocrx_word' id='word_1_1' title='bbox 41 158 46 168; x_wconf 94' lang='lat'><strong><em>.</em></strong></span> <span class='ocrx_word' id='word_1_2' title='bbox 87 109 152 177; x_wconf 74' lang='lat'><strong>168</strong></span> <span class='ocrx_word' id='word_1_3' title='bbox 457 126 660 171; x_wconf 72' lang='lat' dir='ltr'><strong>recensens</strong></span> 
     </span>
    </p>
   </div>
   <div class='ocr_carea' id='block_1_2' title="bbox 88 271 1005 414">
    <p class='ocr_par' dir='ltr' id='par_1_2' title="bbox 88 271 1005 414">
     <span class='ocr_line' id='line_1_2' title="bbox 88 271 1005 344; baseline -0.005 -8"><span class='ocrx_word' id='word_1_4' title='bbox 88 279 128 338; x_wconf 85' lang='lat' dir='ltr'><strong>N.</strong></span> <span class='ocrx_word' id='word_1_5' title='bbox 140 284 188 337; x_wconf 74' lang='lat'><strong>21.</strong></span> <span class='ocrx_word' id='word_1_6' title='bbox 210 275 269 334; x_wconf 85' lang='lat' dir='ltr'><strong>DE</strong></span> <span class='ocrx_word' id='word_1_7' title='bbox 285 273 384 333; x_wconf 87' lang='lat' dir='ltr'>LIBE</span> <span class='ocrx_word' id='word_1_8' title='bbox 391 271 531 333; x_wconf 83' lang='lat' dir='ltr'>RTATE</span> <span class='ocrx_word' id='word_1_9' title='bbox 543 271 779 344; x_wconf 86' lang='lat' dir='ltr'><strong>REQUISITA</strong></span> <span class='ocrx_word' id='word_1_10' title='bbox 788 272 851 334; x_wconf 85' lang='lat' dir='ltr'><strong>AD</strong></span> <span class='ocrx_word' id='word_1_11' title='bbox 862 271 1005 333; x_wconf 69' lang='lat' dir='ltr'><strong>nautu-</strong></span> 
     </span>
     <span class='ocr_line' id='line_1_3' title="bbox 286 353 827 414; baseline -0.002 0"><span class='ocrx_word' id='word_1_12' title='bbox 286 354 384 414; x_wconf 92' lang='lat' dir='ltr'><strong>DUM</strong></span> <span class='ocrx_word' id='word_1_13' title='bbox 403 353 487 412; x_wconf 86' lang='lat' dir='ltr'><strong>VEL</strong></span> <span class='ocrx_word' id='word_1_14' title='bbox 502 354 716 413; x_wconf 84' lang='lat' dir='ltr'>DEMEREN</span> <span class='ocrx_word' id='word_1_15' title='bbox 720 353 827 413; x_wconf 84' lang='lat' dir='ltr'><strong>DUM.</strong></span> 
     </span>
    </p>
   </div>
   <div class='ocr_carea' id='block_1_3' title="bbox 88 470 1005 604">
    <p class='ocr_par' dir='ltr' id='par_1_3' title="bbox 88 470 1005 604">
     <span class='ocr_line' id='line_1_4' title="bbox 88 470 1005 604; baseline -0.009 -26"><span class='ocrx_word' id='word_1_16' title='bbox 88 522 102 579; x_wconf 88' lang='lat'>1</span> <span class='ocrx_word' id='word_1_17' title='bbox 107 470 120 580; x_wconf 27' lang='grc' dir='ltr'><strong>,Ι</strong></span> <span class='ocrx_word' id='word_1_18' title='bbox 129 517 177 576; x_wconf 81' lang='lat' dir='ltr'><strong>Ad</strong></span> <span class='ocrx_word' id='word_1_19' title='bbox 188 514 315 574; x_wconf 81' lang='lat' dir='ltr'><strong>meritum</strong></span> <span class='ocrx_word' id='word_1_20' title='bbox 330 513 374 572; x_wconf 82' lang='lat' dir='ltr'><strong>oei</strong></span> <span class='ocrx_word' id='word_1_21' title='bbox 392 512 554 571; x_wconf 80' lang='lat' dir='ltr'><strong>demeritam</strong></span> <span class='ocrx_word' id='word_1_22' title='bbox 567 512 722 592; x_wconf 77' lang='lat' dir='ltr'><em>requiritur</em></span> <span class='ocrx_word' id='word_1_23' title='bbox 735 511 853 572; x_wconf 79' lang='lat' dir='ltr'><strong>libertos</strong></span> <span class='ocrx_word' id='word_1_24' title='bbox 864 511 1005 604; x_wconf 58' lang='lat' dir='ltr'><strong>indifferep</strong></span> 
     </span>
    </p>
   </div>
   <div class='ocr_carea' id='block_1_4' title="bbox 126 590 1005 831">
    <p class='ocr_par' dir='ltr' id='par_1_4' title="bbox 126 590 1005 831">
     <span class='ocr_line' id='line_1_5' title="bbox 127 590 1005 670; baseline -0.005 -15"><span class='ocrx_word' id='word_1_25' title='bbox 127 600 186 670; x_wconf 84' lang='lat' dir='ltr'><strong>tiae,</strong></span> <span class='ocrx_word' id='word_1_26' title='bbox 228 596 270 654; x_wconf 89' lang='lat'><strong>11.</strong></span> <span class='ocrx_word' id='word_1_27' title='bbox 299 592 439 659; x_wconf 82' lang='lat' dir='ltr'><em>Quomodo</em></span> <span class='ocrx_word' id='word_1_28' title='bbox 461 590 593 650; x_wconf 77' lang='lat' dir='ltr'><strong>Christos</strong></span> <span class='ocrx_word' id='word_1_29' title='bbox 619 591 743 651; x_wconf 82' lang='lat' dir='ltr'><strong>amando</strong></span> <span class='ocrx_word' id='word_1_30' title='bbox 770 590 864 652; x_wconf 85' lang='lat' dir='ltr'><strong>Deum</strong></span> <span class='ocrx_word' id='word_1_31' title='bbox 891 599 1005 652; x_wconf 66' lang='lat' dir='ltr'><strong>simut</strong></span> 
     </span>
     <span class='ocr_line' id='line_1_6' title="bbox 127 670 1005 766; baseline -0.013 -26"><span class='ocrx_word' id='word_1_32' title='bbox 127 679 190 740; x_wconf 85' lang='lat'>111.</span> <span class='ocrx_word' id='word_1_33' title='bbox 206 673 351 734; x_wconf 80' lang='lat' dir='ltr'><strong>Peccandi</strong></span> <span class='ocrx_word' id='word_1_34' title='bbox 365 672 515 761; x_wconf 68' lang='lat' dir='ltr'><strong>necessitas</strong></span> <span class='ocrx_word' id='word_1_35' title='bbox 528 671 597 766; x_wconf 62' lang='lat' dir='ltr'><strong>quaid</strong></span> <span class='ocrx_word' id='word_1_36' title='bbox 607 672 644 730; x_wconf 82' lang='lat' dir='ltr'><strong>rit</strong></span> <span class='ocrx_word' id='word_1_37' title='bbox 658 670 738 748; x_wconf 78' lang='lat' dir='ltr'><strong>opud</strong></span> <span class='ocrx_word' id='word_1_38' title='bbox 750 671 783 728; x_wconf 86' lang='lat' dir='ltr'><strong>S.</strong></span> <span class='ocrx_word' id='word_1_39' title='bbox 806 672 926 766; x_wconf 62' lang='lat' dir='ltr'><strong>Asperat</strong></span> <span class='ocrx_word' id='word_1_40' title='bbox 965 670 1005 749; x_wconf 69' lang='lat' dir='ltr'><strong>lu</strong></span> 
     </span>
     <span class='ocr_line' id='line_1_7' title="bbox 126 749 1005 831; baseline -0.007 -19"><span class='ocrx_word' id='word_1_41' title='bbox 126 760 213 819; x_wconf 79' lang='lat' dir='ltr'><strong>Meas</strong></span> <span class='ocrx_word' id='word_1_42' title='bbox 236 755 268 811; x_wconf 89' lang='lat' dir='ltr'><strong>S.</strong></span> <span class='ocrx_word' id='word_1_43' title='bbox 292 752 411 830; x_wconf 81' lang='lat' dir='ltr'><strong>August,</strong></span> <span class='ocrx_word' id='word_1_44' title='bbox 436 768 514 808; x_wconf 79' lang='lat' dir='ltr'><strong>carco</strong></span> <span class='ocrx_word' id='word_1_45' title='bbox 532 749 695 809; x_wconf 72' lang='lat' dir='ltr'><strong>hbertotm.</strong></span> <span class='ocrx_word' id='word_1_46' title='bbox 747 750 787 810; x_wconf 87' lang='lat' dir='ltr'><strong>V.</strong></span> <span class='ocrx_word' id='word_1_47' title='bbox 811 751 949 831; x_wconf 66' lang='lat' dir='ltr'><strong>qucrter</strong></span> <span class='ocrx_word' id='word_1_48' title='bbox 962 749 1005 815; x_wconf 69' lang='lat' dir='ltr'><strong>Vd</strong></span> 
     </span>
    </p>
   </div>
   <div class='ocr_carea' id='block_1_5' title="bbox 130 839 203 915">
    <p class='ocr_par' dir='ltr' id='par_1_5' title="bbox 130 839 203 915">
     <span class='ocr_line' id='line_1_8' title="bbox 130 839 203 915; baseline -0.055 -17"><span class='ocrx_word' id='word_1_49' title='bbox 130 839 203 915; x_wconf 65' lang='lat'><em>1309.</em></span> 
     </span>
    </p>
   </div>
   <div class='ocr_carea' id='block_1_6' title="bbox 4 988 1011 3877">
    <p class='ocr_par' dir='ltr' id='par_1_6' title="bbox 88 988 1006 1140">
     <span class='ocr_line' id='line_1_9' title="bbox 132 988 1006 1070; baseline -0.011 -13"><span class='ocrx_word' id='word_1_50' title='bbox 132 998 187 1057; x_wconf 79' lang='lat' dir='ltr'><strong>AN</strong></span> <span class='ocrx_word' id='word_1_51' title='bbox 203 1006 234 1053; x_wconf 86' lang='lat' dir='ltr'><strong>et</strong></span> <span class='ocrx_word' id='word_1_52' title='bbox 247 991 343 1070; x_wconf 88' lang='lat' dir='ltr'><strong>qualis</strong></span> <span class='ocrx_word' id='word_1_53' title='bbox 356 990 478 1049; x_wconf 86' lang='lat' dir='ltr'><strong>libertas</strong></span> <span class='ocrx_word' id='word_1_54' title='bbox 494 991 658 1068; x_wconf 84' lang='lat' dir='ltr'><strong>requiritur</strong></span> <span class='ocrx_word' id='word_1_55' title='bbox 672 990 710 1050; x_wconf 89' lang='lat' dir='ltr'><strong>ad</strong></span> <span class='ocrx_word' id='word_1_56' title='bbox 730 990 907 1051; x_wconf 88' lang='lat' dir='ltr'><strong>merendum</strong></span> <span class='ocrx_word' id='word_1_57' title='bbox 917 990 960 1051; x_wconf 88' lang='lat' dir='ltr'><strong>vel</strong></span> <span class='ocrx_word' id='word_1_58' title='bbox 970 988 1006 1047; x_wconf 90' lang='lat' dir='ltr'><strong>de·</strong></span> 
     </span>
     <span class='ocr_line' id='line_1_10' title="bbox 88 1076 289 1140; baseline -0.04 -1"><span class='ocrx_word' id='word_1_59' title='bbox 88 1076 289 1140; x_wconf 80' lang='lat' dir='ltr'><strong>merendum?</strong></span> 
     </span>
    </p>

    <p class='ocr_par' dir='ltr' id='par_1_7' title="bbox 89 1148 1008 1876">
     <span class='ocr_line' id='line_1_11' title="bbox 128 1148 1006 1232; baseline -0.01 -16"><span class='ocrx_word' id='word_1_60' title='bbox 128 1158 191 1216; x_wconf 73' lang='lat' dir='ltr'><strong>lut</strong></span> <span class='ocrx_word' id='word_1_61' title='bbox 203 1151 376 1232; x_wconf 86' lang='lat' dir='ltr'><strong>Requiritur</strong></span> <span class='ocrx_word' id='word_1_62' title='bbox 389 1148 539 1210; x_wconf 76' lang='lat' dir='ltr'><strong>libertasis</strong></span> <span class='ocrx_word' id='word_1_63' title='bbox 553 1151 737 1220; x_wconf 81' lang='lat' dir='ltr'><strong>necessitate,</strong></span> <span class='ocrx_word' id='word_1_64' title='bbox 747 1170 799 1211; x_wconf 88' lang='lat' dir='ltr'><strong>seu</strong></span> <span class='ocrx_word' id='word_1_65' title='bbox 808 1150 928 1212; x_wconf 84' lang='lat' dir='ltr'><strong>libertas</strong></span> <span class='ocrx_word' id='word_1_66' title='bbox 937 1148 1006 1210; x_wconf 73' lang='lat' dir='ltr'><strong>mdiu</strong></span> 
     </span>
     <span class='ocr_line' id='line_1_12' title="bbox 90 1230 1006 1310; baseline -0.009 -11"><span class='ocrx_word' id='word_1_67' title='bbox 90 1237 232 1305; x_wconf 86' lang='lat' dir='ltr'><strong>ferentiae,</strong></span> <span class='ocrx_word' id='word_1_68' title='bbox 265 1253 320 1292; x_wconf 90' lang='lat' dir='ltr'><strong>nec</strong></span> <span class='ocrx_word' id='word_1_69' title='bbox 344 1231 450 1291; x_wconf 87' lang='lat' dir='ltr'><strong>sufficit</strong></span> <span class='ocrx_word' id='word_1_70' title='bbox 472 1231 592 1290; x_wconf 86' lang='lat' dir='ltr'><strong>libertas</strong></span> <span class='ocrx_word' id='word_1_71' title='bbox 613 1232 810 1291; x_wconf 74' lang='lat' dir='ltr'><strong>icoactione:</strong></span> <span class='ocrx_word' id='word_1_72' title='bbox 838 1230 1006 1310; x_wconf 71' lang='lat' dir='ltr'><strong>probaturti</strong></span> 
     </span>
     <span class='ocr_line' id='line_1_13' title="bbox 89 1302 1007 1451; baseline -0.011 -69"><span class='ocrx_word' id='word_1_73' title='bbox 89 1315 334 1382; x_wconf 86' lang='lat' dir='ltr'><strong>condemnatione</strong></span> <span class='ocrx_word' id='word_1_74' title='bbox 344 1312 554 1390; x_wconf 84' lang='lat' dir='ltr'><strong>propositionis</strong></span> <span class='ocrx_word' id='word_1_75' title='bbox 564 1312 660 1370; x_wconf 81' lang='lat' dir='ltr'><strong>tertiae</strong></span> <span class='ocrx_word' id='word_1_76' title='bbox 671 1312 747 1370; x_wconf 91' lang='lat' dir='ltr'><strong>inter</strong></span> <span class='ocrx_word' id='word_1_77' title='bbox 762 1312 897 1391; x_wconf 88' lang='lat' dir='ltr'><strong>quinque</strong></span> <span class='ocrx_word' id='word_1_78' title='bbox 904 1302 1007 1451; x_wconf 45' lang='lat' dir='ltr'><strong>samaa</strong></span> 
     </span>
     <span class='ocr_line' id='line_1_14' title="bbox 89 1391 968 1473; baseline -0.008 -16"><span class='ocrx_word' id='word_1_79' title='bbox 89 1396 305 1473; x_wconf 81' lang='lat' dir='ltr'><strong>Jansenii,quoe</strong></span> <span class='ocrx_word' id='word_1_80' title='bbox 314 1393 451 1452; x_wconf 88' lang='lat' dir='ltr'><strong>damnata</strong></span> <span class='ocrx_word' id='word_1_81' title='bbox 461 1403 549 1451; x_wconf 91' lang='lat' dir='ltr'><strong>estut</strong></span> <span class='ocrx_word' id='word_1_82' title='bbox 559 1391 740 1463; x_wconf 85' lang='lat' dir='ltr'><strong>hoeretica;·“</strong></span> <span class='ocrx_word' id='word_1_83' title='bbox 750 1393 789 1451; x_wconf 90' lang='lat' dir='ltr'><strong>ad</strong></span> <span class='ocrx_word' id='word_1_84' title='bbox 799 1393 968 1452; x_wconf 88' lang='lat' dir='ltr'><strong>merendum</strong></span> 
     </span>
     <span class='ocr_line' id='line_1_15' title="bbox 89 1468 1007 1593; baseline -0.011 -53"><span class='ocrx_word' id='word_1_85' title='bbox 89 1491 110 1517; x_wconf 90' lang='lat'><strong>“</strong></span> <span class='ocrx_word' id='word_1_86' title='bbox 125 1475 335 1540; x_wconf 90' lang='lat' dir='ltr'><strong>demerendum</strong></span> <span class='ocrx_word' id='word_1_87' title='bbox 355 1473 385 1529; x_wconf 91' lang='lat' dir='ltr'><strong>in</strong></span> <span class='ocrx_word' id='word_1_88' title='bbox 400 1482 479 1531; x_wconf 84' lang='lat' dir='ltr'><strong>statu</strong></span> <span class='ocrx_word' id='word_1_89' title='bbox 503 1484 616 1532; x_wconf 84' lang='lat' dir='ltr'><strong>naturae</strong></span> <span class='ocrx_word' id='word_1_90' title='bbox 630 1471 728 1550; x_wconf 85' lang='lat' dir='ltr'><strong>lapsae,</strong></span> <span class='ocrx_word' id='word_1_91' title='bbox 743 1493 803 1531; x_wconf 93' lang='lat' dir='ltr'><strong>non</strong></span> <span class='ocrx_word' id='word_1_92' title='bbox 818 1468 1007 1593; x_wconf 43' lang='lat' dir='ltr'><strong>requiritur&amp;</strong></span> 
     </span>
     <span class='ocr_line' id='line_1_16' title="bbox 91 1552 998 1623; baseline -0.01 -4"><span class='ocrx_word' id='word_1_93' title='bbox 91 1570 110 1596; x_wconf 91' lang='lat'><strong>“</strong></span> <span class='ocrx_word' id='word_1_94' title='bbox 123 1564 222 1622; x_wconf 90' lang='lat' dir='ltr'><strong>bertas</strong></span> <span class='ocrx_word' id='word_1_95' title='bbox 235 1556 254 1615; x_wconf 75' lang='lat' dir='ltr'><strong>i</strong></span> <span class='ocrx_word' id='word_1_96' title='bbox 268 1552 451 1623; x_wconf 84' lang='lat' dir='ltr'><strong>necessitate,</strong></span> <span class='ocrx_word' id='word_1_97' title='bbox 466 1553 520 1611; x_wconf 90' lang='lat' dir='ltr'><strong>sed</strong></span> <span class='ocrx_word' id='word_1_98' title='bbox 534 1553 641 1611; x_wconf 89' lang='lat' dir='ltr'><strong>sufficit</strong></span> <span class='ocrx_word' id='word_1_99' title='bbox 660 1553 781 1613; x_wconf 86' lang='lat' dir='ltr'><strong>libertas</strong></span> <span class='ocrx_word' id='word_1_100' title='bbox 801 1554 820 1613; x_wconf 73' lang='lat' dir='ltr'><strong>i</strong></span> <span class='ocrx_word' id='word_1_101' title='bbox 844 1554 998 1621; x_wconf 84' lang='lat' dir='ltr'><strong>coactione,</strong></span> 
     </span>
     <span class='ocr_line' id='line_1_17' title="bbox 89 1632 1007 1720; baseline -0.01 -19"><span class='ocrx_word' id='word_1_102' title='bbox 89 1641 247 1720; x_wconf 86' lang='lat' dir='ltr'><strong>proeiverat</strong></span> <span class='ocrx_word' id='word_1_103' title='bbox 261 1637 290 1695; x_wconf 89' lang='lat' dir='ltr'><strong>S.</strong></span> <span class='ocrx_word' id='word_1_104' title='bbox 317 1634 390 1692; x_wconf 85' lang='lat' dir='ltr'><strong>Pius</strong></span> <span class='ocrx_word' id='word_1_105' title='bbox 412 1634 448 1691; x_wconf 91' lang='lat' dir='ltr'><strong>V.</strong></span> <span class='ocrx_word' id='word_1_106' title='bbox 474 1632 641 1691; x_wconf 87' lang='lat' dir='ltr'><strong>damnando</strong></span> <span class='ocrx_word' id='word_1_107' title='bbox 655 1633 868 1711; x_wconf 81' lang='lat' dir='ltr'><strong>sexagesimam</strong></span> <span class='ocrx_word' id='word_1_108' title='bbox 879 1634 1007 1712; x_wconf 71' lang='lat' dir='ltr'><strong>septima</strong></span> 
     </span>
     <span class='ocr_line' id='line_1_18' title="bbox 91 1710 1008 1794; baseline -0.014 -12"><span class='ocrx_word' id='word_1_109' title='bbox 91 1724 168 1781; x_wconf 88' lang='lat' dir='ltr'><strong>inter</strong></span> <span class='ocrx_word' id='word_1_110' title='bbox 193 1717 336 1794; x_wconf 86' lang='lat' dir='ltr'><strong>Bajanas:</strong></span> <span class='ocrx_word' id='word_1_111' title='bbox 358 1719 378 1746; x_wconf 91' lang='lat'><strong><em>“</em></strong></span> <span class='ocrx_word' id='word_1_112' title='bbox 391 1711 480 1770; x_wconf 91' lang='lat' dir='ltr'><strong>homo</strong></span> <span class='ocrx_word' id='word_1_113' title='bbox 503 1723 617 1790; x_wconf 85' lang='lat' dir='ltr'><strong>peccat,</strong></span> <span class='ocrx_word' id='word_1_114' title='bbox 642 1717 731 1772; x_wconf 91' lang='lat' dir='ltr'><strong>etiam</strong></span> <span class='ocrx_word' id='word_1_115' title='bbox 753 1713 968 1782; x_wconf 87' lang='lat' dir='ltr'><strong>damnabiliter,</strong></span> <span class='ocrx_word' id='word_1_116' title='bbox 987 1710 1008 1769; x_wconf 79' lang='lat' dir='ltr'><strong>it</strong></span> 
     </span>
     <span class='ocr_line' id='line_1_19' title="bbox 92 1791 985 1876; baseline -0.016 -18"><span class='ocrx_word' id='word_1_117' title='bbox 92 1811 112 1837; x_wconf 89' lang='lat'><strong>“</strong></span> <span class='ocrx_word' id='word_1_118' title='bbox 127 1822 172 1872; x_wconf 88' lang='lat' dir='ltr'><strong>eo,</strong></span> <span class='ocrx_word' id='word_1_119' title='bbox 187 1795 268 1876; x_wconf 87' lang='lat' dir='ltr'><strong>quod</strong></span> <span class='ocrx_word' id='word_1_120' title='bbox 277 1792 440 1852; x_wconf 78' lang='lat' dir='ltr'><strong>necessarii&gt;</strong></span> <span class='ocrx_word' id='word_1_121' title='bbox 451 1791 552 1853; x_wconf 85' lang='lat' dir='ltr'><strong>facit.&#39;&#39;</strong></span> <span class='ocrx_word' id='word_1_122' title='bbox 982 1797 985 1807; x_wconf 89' lang='lat'>&#39;</span> 
     </span>
    </p>

    <p class='ocr_par' dir='ltr' id='par_1_8' title="bbox 4 1822 1009 2594">
     <span class='ocr_line' id='line_1_20' title="bbox 133 1822 1008 1953; baseline -0.005 -17"><span class='ocrx_word' id='word_1_123' title='bbox 133 1883 222 1941; x_wconf 83' lang='lat' dir='ltr'><strong>Hanc</strong></span> <span class='ocrx_word' id='word_1_124' title='bbox 235 1876 403 1934; x_wconf 59' lang='lat' dir='ltr'><strong>damnum</strong></span> <span class='ocrx_word' id='word_1_125' title='bbox 418 1871 580 1932; x_wconf 87' lang='lat' dir='ltr'><strong>doctrinam</strong></span> <span class='ocrx_word' id='word_1_126' title='bbox 595 1874 648 1933; x_wconf 89' lang='lat' dir='ltr'><strong>diu</strong></span> <span class='ocrx_word' id='word_1_127' title='bbox 670 1886 739 1932; x_wconf 88' lang='lat' dir='ltr'><strong>ante</strong></span> <span class='ocrx_word' id='word_1_128' title='bbox 760 1875 970 1953; x_wconf 84' lang='lat' dir='ltr'><strong>proscripserat</strong></span> <span class='ocrx_word' id='word_1_129' title='bbox 989 1822 1008 1941; x_wconf 68' lang='lat' dir='ltr'><strong>i</strong></span> 
     </span>
     <span class='ocr_line' id='line_1_21' title="bbox 92 1952 1008 2034; baseline -0.009 -12"><span class='ocrx_word' id='word_1_130' title='bbox 92 1962 198 2023; x_wconf 88' lang='lat' dir='ltr'><strong>Thom.</strong></span> <span class='ocrx_word' id='word_1_131' title='bbox 216 1967 318 2034; x_wconf 85' lang='lat' dir='ltr'><strong>quoest.</strong></span> <span class='ocrx_word' id='word_1_132' title='bbox 334 1953 361 2012; x_wconf 88' lang='grc'><strong>6.</strong></span> <span class='ocrx_word' id='word_1_133' title='bbox 390 1960 411 1986; x_wconf 90' lang='lat'><strong>“</strong></span> <span class='ocrx_word' id='word_1_134' title='bbox 420 1952 458 2010; x_wconf 88' lang='lat' dir='ltr'><strong>de</strong></span> <span class='ocrx_word' id='word_1_135' title='bbox 467 1954 577 2024; x_wconf 86' lang='lat' dir='ltr'><strong>Malo,&#39;’</strong></span> <span class='ocrx_word' id='word_1_136' title='bbox 604 1955 730 2013; x_wconf 88' lang='lat' dir='ltr'><strong>articulo</strong></span> <span class='ocrx_word' id='word_1_137' title='bbox 743 1956 833 2012; x_wconf 90' lang='lat' dir='ltr'><strong>unico</strong></span> <span class='ocrx_word' id='word_1_138' title='bbox 845 1955 878 2013; x_wconf 90' lang='lat' dir='ltr'><strong>iu</strong></span> <span class='ocrx_word' id='word_1_139' title='bbox 893 1962 913 1988; x_wconf 89' lang='lat'>“</span> <span class='ocrx_word' id='word_1_140' title='bbox 926 1952 1008 2032; x_wconf 62' lang='lat' dir='ltr'><strong>corp*</strong></span> 
     </span>
     <span class='ocr_line' id='line_1_22' title="bbox 90 2030 1008 2112; baseline -0.009 -9"><span class='ocrx_word' id='word_1_141' title='bbox 90 2045 138 2103; x_wconf 90' lang='lat' dir='ltr'><strong>his</strong></span> <span class='ocrx_word' id='word_1_142' title='bbox 152 2040 268 2108; x_wconf 81' lang='lat' dir='ltr'><strong>verbis3</strong></span> <span class='ocrx_word' id='word_1_143' title='bbox 285 2042 305 2069; x_wconf 92' lang='lat'><strong><em>“</em></strong></span> <span class='ocrx_word' id='word_1_144' title='bbox 317 2033 447 2108; x_wconf 86' lang='lat' dir='ltr'><strong>Quidam</strong></span> <span class='ocrx_word' id='word_1_145' title='bbox 458 2046 633 2111; x_wconf 89' lang='lat' dir='ltr'><strong>posuerunt,</strong></span> <span class='ocrx_word' id='word_1_146' title='bbox 659 2035 739 2112; x_wconf 78' lang='lat' dir='ltr'><strong>quod</strong></span> <span class='ocrx_word' id='word_1_147' title='bbox 754 2035 893 2094; x_wconf 87' lang='lat' dir='ltr'><strong>voluntas</strong></span> <span class='ocrx_word' id='word_1_148' title='bbox 906 2030 1008 2095; x_wconf 75' lang='lat' dir='ltr'><strong>homini</strong></span> 
     </span>
     <span class='ocr_line' id='line_1_23' title="bbox 92 2114 1008 2193; baseline -0.01 -11"><span class='ocrx_word' id='word_1_149' title='bbox 92 2133 111 2164; x_wconf 89' lang='lat'><strong><em>“</em></strong></span> <span class='ocrx_word' id='word_1_150' title='bbox 126 2144 162 2183; x_wconf 81' lang='lat' dir='ltr'><strong>ex</strong></span> <span class='ocrx_word' id='word_1_151' title='bbox 176 2116 348 2178; x_wconf 85' lang='lat' dir='ltr'><strong>necessitate</strong></span> <span class='ocrx_word' id='word_1_152' title='bbox 358 2125 526 2174; x_wconf 87' lang='lat' dir='ltr'><strong>moveretur</strong></span> <span class='ocrx_word' id='word_1_153' title='bbox 541 2114 579 2173; x_wconf 87' lang='lat' dir='ltr'><strong>ad</strong></span> <span class='ocrx_word' id='word_1_154' title='bbox 592 2115 706 2193; x_wconf 89' lang='lat' dir='ltr'><strong>aliquid</strong></span> <span class='ocrx_word' id='word_1_155' title='bbox 729 2115 912 2193; x_wconf 82' lang='lat' dir='ltr'><strong>eligendum,</strong></span> <span class='ocrx_word' id='word_1_156' title='bbox 922 2135 973 2173; x_wconf 89' lang='lat' dir='ltr'><strong>nec</strong></span> <span class='ocrx_word' id='word_1_157' title='bbox 982 2125 1008 2173; x_wconf 78' lang='lat' dir='ltr'><strong>ts</strong></span> 
     </span>
     <span class='ocr_line' id='line_1_24' title="bbox 93 2193 1008 2275; baseline -0.005 -17"><span class='ocrx_word' id='word_1_158' title='bbox 93 2214 193 2262; x_wconf 77' lang='lat' dir='ltr'><strong>“men</strong></span> <span class='ocrx_word' id='word_1_159' title='bbox 215 2197 376 2275; x_wconf 88' lang='lat' dir='ltr'><strong>ponebant,</strong></span> <span class='ocrx_word' id='word_1_160' title='bbox 402 2193 480 2271; x_wconf 77' lang='lat' dir='ltr'><strong>quod</strong></span> <span class='ocrx_word' id='word_1_161' title='bbox 506 2195 642 2257; x_wconf 87' lang='lat' dir='ltr'><strong>voluntas</strong></span> <span class='ocrx_word' id='word_1_162' title='bbox 670 2207 843 2273; x_wconf 82' lang='lat' dir='ltr'><strong>cogeretur3</strong></span> <span class='ocrx_word' id='word_1_163' title='bbox 871 2215 930 2254; x_wconf 89' lang='lat' dir='ltr'><strong>non</strong></span> <span class='ocrx_word' id='word_1_164' title='bbox 952 2195 1008 2253; x_wconf 77' lang='lat' dir='ltr'><strong>eni!</strong></span> 
     </span>
     <span class='ocr_line' id='line_1_25' title="bbox 94 2273 1009 2353; baseline -0.004 -16"><span class='ocrx_word' id='word_1_165' title='bbox 94 2293 212 2343; x_wconf 82' lang='lat' dir='ltr'><strong>“omne</strong></span> <span class='ocrx_word' id='word_1_166' title='bbox 225 2275 422 2335; x_wconf 86' lang='lat' dir='ltr'><strong>necessarium</strong></span> <span class='ocrx_word' id='word_1_167' title='bbox 437 2285 483 2332; x_wconf 88' lang='lat' dir='ltr'><strong>est</strong></span> <span class='ocrx_word' id='word_1_168' title='bbox 505 2275 677 2345; x_wconf 86' lang='lat' dir='ltr'><strong>violentum,</strong></span> <span class='ocrx_word' id='word_1_169' title='bbox 699 2275 750 2333; x_wconf 91' lang='lat' dir='ltr'><strong>sed</strong></span> <span class='ocrx_word' id='word_1_170' title='bbox 772 2276 865 2333; x_wconf 83' lang='lat' dir='ltr'><strong>solum</strong></span> <span class='ocrx_word' id='word_1_171' title='bbox 886 2276 926 2346; x_wconf 93' lang='lat' dir='ltr'><strong>id,</strong></span> <span class='ocrx_word' id='word_1_172' title='bbox 947 2273 1009 2353; x_wconf 58' lang='lat' dir='ltr'><strong>cuj!</strong></span> 
     </span>
     <span class='ocr_line' id='line_1_26' title="bbox 4 2354 1009 2443; baseline -0.007 -22"><span class='ocrx_word' id='word_1_173' title='bbox 4 2382 12 2388; x_wconf 91' lang='lat'><em>·</em></span> <span class='ocrx_word' id='word_1_174' title='bbox 94 2376 112 2402; x_wconf 89' lang='lat'><strong>“</strong></span> <span class='ocrx_word' id='word_1_175' title='bbox 124 2357 304 2443; x_wconf 88' lang='lat' dir='ltr'><strong>principium</strong></span> <span class='ocrx_word' id='word_1_176' title='bbox 313 2365 357 2413; x_wconf 89' lang='lat' dir='ltr'><strong>est</strong></span> <span class='ocrx_word' id='word_1_177' title='bbox 365 2355 402 2412; x_wconf 89' lang='lat' dir='ltr'><strong>ab</strong></span> <span class='ocrx_word' id='word_1_178' title='bbox 414 2355 599 2414; x_wconf 79' lang='lat' dir='ltr'><strong>extra...haec</strong></span> <span class='ocrx_word' id='word_1_179' title='bbox 608 2368 706 2414; x_wconf 90' lang='lat' dir='ltr'><strong>autem</strong></span> <span class='ocrx_word' id='word_1_180' title='bbox 713 2356 812 2432; x_wconf 92' lang='lat' dir='ltr'><strong>opinio</strong></span> <span class='ocrx_word' id='word_1_181' title='bbox 822 2354 1009 2415; x_wconf 78' lang='lat' dir='ltr'><strong>esthaeretios&#39;</strong></span> 
     </span>
     <span class='ocr_line' id='line_1_27' title="bbox 134 2434 975 2514; baseline -0.011 -11"><span class='ocrx_word' id='word_1_182' title='bbox 134 2445 201 2502; x_wconf 87' lang='lat' dir='ltr'><strong>Hoc</strong></span> <span class='ocrx_word' id='word_1_183' title='bbox 216 2437 303 2496; x_wconf 88' lang='lat' dir='ltr'><strong>etiam</strong></span> <span class='ocrx_word' id='word_1_184' title='bbox 318 2434 432 2512; x_wconf 87' lang='lat' dir='ltr'><strong>respuit</strong></span> <span class='ocrx_word' id='word_1_185' title='bbox 452 2454 554 2494; x_wconf 89' lang='lat' dir='ltr'><strong>sensus</strong></span> <span class='ocrx_word' id='word_1_186' title='bbox 581 2437 755 2504; x_wconf 90' lang='lat' dir='ltr'><strong>communis,</strong></span> <span class='ocrx_word' id='word_1_187' title='bbox 780 2435 861 2513; x_wconf 79' lang='lat' dir='ltr'><strong>qubd</strong></span> <span class='ocrx_word' id='word_1_188' title='bbox 882 2437 975 2514; x_wconf 88' lang='lat' dir='ltr'><strong>quisp</strong></span> 
     </span>
     <span class='ocr_line' id='line_1_28' title="bbox 44 2514 999 2594; baseline -0.014 -8"><span class='ocrx_word' id='word_1_189' title='bbox 44 2567 47 2575; x_wconf 87' lang='lat'>·</span> <span class='ocrx_word' id='word_1_190' title='bbox 93 2527 185 2586; x_wconf 90' lang='lat' dir='ltr'><strong>mium</strong></span> <span class='ocrx_word' id='word_1_191' title='bbox 198 2519 245 2578; x_wconf 87' lang='lat' dir='ltr'><strong>vei</strong></span> <span class='ocrx_word' id='word_1_192' title='bbox 258 2535 376 2594; x_wconf 88' lang='lat' dir='ltr'><strong>poenam</strong></span> <span class='ocrx_word' id='word_1_193' title='bbox 386 2527 547 2574; x_wconf 89' lang='lat' dir='ltr'><strong>mereretur</strong></span> <span class='ocrx_word' id='word_1_194' title='bbox 560 2537 616 2594; x_wconf 89' lang='lat' dir='ltr'><strong>pro</strong></span> <span class='ocrx_word' id='word_1_195' title='bbox 627 2536 671 2586; x_wconf 91' lang='lat' dir='ltr'><strong>eo,</strong></span> <span class='ocrx_word' id='word_1_196' title='bbox 686 2516 767 2592; x_wconf 89' lang='lat' dir='ltr'><strong>quod</strong></span> <span class='ocrx_word' id='word_1_197' title='bbox 780 2517 943 2575; x_wconf 75' lang='lat' dir='ltr'><strong>necessarii</strong></span> <span class='ocrx_word' id='word_1_198' title='bbox 953 2517 979 2574; x_wconf 83' lang='lat' dir='ltr'><strong>ia</strong></span> <span class='ocrx_word' id='word_1_199' title='bbox 994 2514 999 2528; x_wconf 86' lang='lat'><em>&#39;</em></span> 
     </span>
    </p>

    <p class='ocr_par' dir='ltr' id='par_1_9' title="bbox 92 2595 1009 2829">
     <span class='ocr_line' id='line_1_29' title="bbox 133 2595 1009 2680; baseline -0.007 -22"><span class='ocrx_word' id='word_1_200' title='bbox 133 2604 204 2680; x_wconf 85' lang='lat' dir='ltr'><strong>Obj.</strong></span> <span class='ocrx_word' id='word_1_201' title='bbox 222 2601 245 2657; x_wconf 94' lang='lat' dir='ltr'><strong>I.</strong></span> <span class='ocrx_word' id='word_1_202' title='bbox 261 2595 396 2656; x_wconf 87' lang='lat' dir='ltr'><strong>Christus</strong></span> <span class='ocrx_word' id='word_1_203' title='bbox 409 2615 463 2672; x_wconf 91' lang='lat' dir='ltr'><strong>per</strong></span> <span class='ocrx_word' id='word_1_204' title='bbox 477 2616 606 2654; x_wconf 87' lang='lat' dir='ltr'><strong>amorem</strong></span> <span class='ocrx_word' id='word_1_205' title='bbox 621 2595 680 2653; x_wconf 91' lang='lat' dir='ltr'><strong>Dei</strong></span> <span class='ocrx_word' id='word_1_206' title='bbox 704 2596 834 2668; x_wconf 88' lang='lat' dir='ltr'><strong>meruit;</strong></span> <span class='ocrx_word' id='word_1_207' title='bbox 856 2596 938 2676; x_wconf 89' lang='lat' dir='ltr'><strong>atqui</strong></span> <span class='ocrx_word' id='word_1_208' title='bbox 951 2612 1009 2654; x_wconf 84' lang='lat' dir='ltr'><strong>amo</strong></span> 
     </span>
     <span class='ocr_line' id='line_1_30' title="bbox 92 2675 1009 2754; baseline -0.011 -9"><span class='ocrx_word' id='word_1_209' title='bbox 92 2687 142 2745; x_wconf 87' lang='lat' dir='ltr'><strong>ille</strong></span> <span class='ocrx_word' id='word_1_210' title='bbox 151 2703 211 2742; x_wconf 90' lang='lat' dir='ltr'><strong>non</strong></span> <span class='ocrx_word' id='word_1_211' title='bbox 219 2688 281 2737; x_wconf 88' lang='lat' dir='ltr'><strong>erat</strong></span> <span class='ocrx_word' id='word_1_212' title='bbox 290 2676 376 2745; x_wconf 88' lang='lat' dir='ltr'><strong>liber,</strong></span> <span class='ocrx_word' id='word_1_213' title='bbox 389 2675 440 2734; x_wconf 90' lang='lat' dir='ltr'><strong>sed</strong></span> <span class='ocrx_word' id='word_1_214' title='bbox 451 2678 640 2746; x_wconf 86' lang='lat' dir='ltr'><strong>necessarius,</strong></span> <span class='ocrx_word' id='word_1_215' title='bbox 652 2687 755 2753; x_wconf 85' lang='lat' dir='ltr'><strong>utpote</strong></span> <span class='ocrx_word' id='word_1_216' title='bbox 766 2675 920 2737; x_wconf 87' lang='lat' dir='ltr'><strong>beatificus</strong></span> <span class='ocrx_word' id='word_1_217' title='bbox 931 2700 940 2749; x_wconf 83' lang='lat'>3</span> <span class='ocrx_word' id='word_1_218' title='bbox 951 2692 1009 2754; x_wconf 75' lang='lat' dir='ltr'><strong>ergo</strong></span> 
     </span>
     <span class='ocr_line' id='line_1_31' title="bbox 93 2776 457 2829; baseline -0.011 -3"><span class='ocrx_word' id='word_1_219' title='bbox 93 2776 147 2826; x_wconf 88' lang='lat' dir='ltr'><strong>etc.</strong></span> <span class='ocrx_word' id='word_1_220' title='bbox 451 2816 457 2829; x_wconf 83' lang='lat'><strong><em>‚</em></strong></span> 
     </span>
    </p>

    <p class='ocr_par' dir='ltr' id='par_1_10' title="bbox 91 2835 1011 3396">
     <span class='ocr_line' id='line_1_32' title="bbox 136 2835 1010 2915; baseline -0.006 -16"><span class='ocrx_word' id='word_1_221' title='bbox 136 2845 177 2902; x_wconf 84' lang='grc' dir='ltr'><strong>ΙΙ.</strong></span> <span class='ocrx_word' id='word_1_222' title='bbox 195 2843 231 2899; x_wconf 85' lang='lat' dir='ltr'><strong>R.</strong></span> <span class='ocrx_word' id='word_1_223' title='bbox 248 2838 325 2896; x_wconf 90' lang='lat' dir='ltr'><strong>Dist.</strong></span> <span class='ocrx_word' id='word_1_224' title='bbox 336 2836 407 2893; x_wconf 89' lang='lat' dir='ltr'><strong>min.</strong></span> <span class='ocrx_word' id='word_1_225' title='bbox 416 2835 466 2894; x_wconf 89' lang='lat' dir='ltr'><strong>ille</strong></span> <span class='ocrx_word' id='word_1_226' title='bbox 476 2857 559 2896; x_wconf 91' lang='lat' dir='ltr'><strong>amor</strong></span> <span class='ocrx_word' id='word_1_227' title='bbox 568 2836 678 2896; x_wconf 88' lang='lat' dir='ltr'><strong>Christi</strong></span> <span class='ocrx_word' id='word_1_228' title='bbox 691 2857 751 2896; x_wconf 91' lang='lat' dir='ltr'><strong>non</strong></span> <span class='ocrx_word' id='word_1_229' title='bbox 762 2849 824 2896; x_wconf 89' lang='lat' dir='ltr'><strong>erat</strong></span> <span class='ocrx_word' id='word_1_230' title='bbox 835 2836 921 2908; x_wconf 87' lang='lat' dir='ltr'><strong>liber,</strong></span> <span class='ocrx_word' id='word_1_231' title='bbox 931 2845 1010 2915; x_wconf 78' lang='lat' dir='ltr'><strong>quate</strong></span> 
     </span>
     <span class='ocr_line' id='line_1_33' title="bbox 92 2916 1006 2994; baseline -0.013 -9"><span class='ocrx_word' id='word_1_232' title='bbox 92 2946 150 2985; x_wconf 89' lang='lat' dir='ltr'><strong>nus</strong></span> <span class='ocrx_word' id='word_1_233' title='bbox 165 2922 300 2982; x_wconf 89' lang='lat' dir='ltr'><strong>Christus</strong></span> <span class='ocrx_word' id='word_1_234' title='bbox 314 2927 376 2975; x_wconf 90' lang='lat' dir='ltr'><strong>crat</strong></span> <span class='ocrx_word' id='word_1_235' title='bbox 389 2916 621 2994; x_wconf 88' lang='lat' dir='ltr'><strong>comprehensor</strong></span> <span class='ocrx_word' id='word_1_236' title='bbox 642 2937 693 2975; x_wconf 90' lang='lat' dir='ltr'><strong>seu</strong></span> <span class='ocrx_word' id='word_1_237' title='bbox 714 2919 828 2987; x_wconf 87' lang='lat' dir='ltr'><strong>beatus,</strong></span> <span class='ocrx_word' id='word_1_238' title='bbox 853 2937 934 2977; x_wconf 89' lang='lat' dir='ltr'><strong>conc.</strong></span> <span class='ocrx_word' id='word_1_239' title='bbox 950 2916 1006 2974; x_wconf 84' lang='lat' dir='ltr'><strong>min</strong></span> 
     </span>
     <span class='ocr_line' id='line_1_34' title="bbox 92 2997 1010 3074; baseline -0.012 -8"><span class='ocrx_word' id='word_1_240' title='bbox 92 3025 174 3066; x_wconf 86' lang='lat' dir='ltr'><strong>amor</strong></span> <span class='ocrx_word' id='word_1_241' title='bbox 188 3001 238 3058; x_wconf 85' lang='lat' dir='ltr'><strong>ilie</strong></span> <span class='ocrx_word' id='word_1_242' title='bbox 250 3018 311 3056; x_wconf 90' lang='lat' dir='ltr'><strong>non</strong></span> <span class='ocrx_word' id='word_1_243' title='bbox 326 3008 388 3055; x_wconf 88' lang='lat' dir='ltr'><strong>erat</strong></span> <span class='ocrx_word' id='word_1_244' title='bbox 401 2997 487 3067; x_wconf 86' lang='lat' dir='ltr'><strong>liber,</strong></span> <span class='ocrx_word' id='word_1_245' title='bbox 513 2997 657 3074; x_wconf 82' lang='lat' dir='ltr'><strong>quatenhs</strong></span> <span class='ocrx_word' id='word_1_246' title='bbox 683 2997 820 3056; x_wconf 87' lang='lat' dir='ltr'><strong>Christus</strong></span> <span class='ocrx_word' id='word_1_247' title='bbox 846 3009 911 3057; x_wconf 88' lang='lat' dir='ltr'><strong>erat</strong></span> <span class='ocrx_word' id='word_1_248' title='bbox 931 2997 1010 3057; x_wconf 73' lang='lat' dir='ltr'><strong>viam</strong></span> 
     </span>
     <span class='ocr_line' id='line_1_35' title="bbox 91 3070 1010 3163; baseline -0.013 -18"><span class='ocrx_word' id='word_1_249' title='bbox 91 3103 170 3163; x_wconf 85' lang='lat' dir='ltr'><strong>nego</strong></span> <span class='ocrx_word' id='word_1_250' title='bbox 183 3082 265 3148; x_wconf 82' lang='lat' dir='ltr'><strong>min,</strong></span> <span class='ocrx_word' id='word_1_251' title='bbox 287 3077 356 3154; x_wconf 88' lang='lat' dir='ltr'><strong>quia</strong></span> <span class='ocrx_word' id='word_1_252' title='bbox 369 3095 451 3136; x_wconf 87' lang='lat' dir='ltr'><strong>amor</strong></span> <span class='ocrx_word' id='word_1_253' title='bbox 465 3076 516 3135; x_wconf 87' lang='lat' dir='ltr'><strong>ille</strong></span> <span class='ocrx_word' id='word_1_254' title='bbox 529 3080 649 3138; x_wconf 79' lang='lat' dir='ltr'><strong>eatenus</strong></span> <span class='ocrx_word' id='word_1_255' title='bbox 670 3076 867 3154; x_wconf 86' lang='lat' dir='ltr'><strong>dirigebatur,</strong></span> <span class='ocrx_word' id='word_1_256' title='bbox 882 3081 899 3137; x_wconf 77' lang='lat' dir='ltr'><strong>i</strong></span> <span class='ocrx_word' id='word_1_257' title='bbox 911 3070 1010 3136; x_wconf 81' lang='lat' dir='ltr'><strong>scienti</strong></span> 
     </span>
     <span class='ocr_line' id='line_1_36' title="bbox 93 3154 1010 3235; baseline -0.013 -9"><span class='ocrx_word' id='word_1_258' title='bbox 93 3167 192 3226; x_wconf 86' lang='lat' dir='ltr'><strong>infusa</strong></span> <span class='ocrx_word' id='word_1_259' title='bbox 205 3159 315 3220; x_wconf 90' lang='lat' dir='ltr'><strong>Christi</strong></span> <span class='ocrx_word' id='word_1_260' title='bbox 327 3168 360 3215; x_wconf 83' lang='lat' dir='ltr'><strong>ut</strong></span> <span class='ocrx_word' id='word_1_261' title='bbox 376 3157 506 3227; x_wconf 86' lang='lat' dir='ltr'><strong>viatoris,</strong></span> <span class='ocrx_word' id='word_1_262' title='bbox 518 3161 576 3235; x_wconf 78' lang='lat' dir='ltr'><strong>quir</strong></span> <span class='ocrx_word' id='word_1_263' title='bbox 590 3159 688 3216; x_wconf 92' lang='lat' dir='ltr'><strong>Deum</strong></span> <span class='ocrx_word' id='word_1_264' title='bbox 717 3178 778 3215; x_wconf 90' lang='lat' dir='ltr'><strong>non</strong></span> <span class='ocrx_word' id='word_1_265' title='bbox 799 3158 938 3217; x_wconf 75' lang='lat' dir='ltr'><strong>intuitive</strong></span> <span class='ocrx_word' id='word_1_266' title='bbox 951 3154 1010 3215; x_wconf 73' lang='lat' dir='ltr'><strong>vida</strong></span> 
     </span>
     <span class='ocr_line' id='line_1_37' title="bbox 92 3230 1011 3316; baseline -0.016 -8"><span class='ocrx_word' id='word_1_267' title='bbox 92 3253 154 3308; x_wconf 87' lang='lat' dir='ltr'><strong>bat.</strong></span> <span class='ocrx_word' id='word_1_268' title='bbox 178 3243 245 3303; x_wconf 87' lang='lat' dir='ltr'><strong>Hoc</strong></span> <span class='ocrx_word' id='word_1_269' title='bbox 258 3251 359 3297; x_wconf 85' lang='lat' dir='ltr'><strong>tamen</strong></span> <span class='ocrx_word' id='word_1_270' title='bbox 373 3238 435 3295; x_wconf 88' lang='lat' dir='ltr'><strong>sine</strong></span> <span class='ocrx_word' id='word_1_271' title='bbox 456 3237 601 3296; x_wconf 86' lang='lat' dir='ltr'><strong>miraculo</strong></span> <span class='ocrx_word' id='word_1_272' title='bbox 615 3238 677 3295; x_wconf 86' lang='lat' dir='ltr'><strong>fieri</strong></span> <span class='ocrx_word' id='word_1_273' title='bbox 690 3258 750 3295; x_wconf 93' lang='lat' dir='ltr'><strong>non</strong></span> <span class='ocrx_word' id='word_1_274' title='bbox 764 3239 873 3316; x_wconf 88' lang='lat' dir='ltr'><strong>potuit.</strong></span> <span class='ocrx_word' id='word_1_275' title='bbox 918 3230 1011 3295; x_wconf 75' lang='lat' dir='ltr'><strong>Videt</strong></span> 
     </span>
     <span class='ocr_line' id='line_1_38' title="bbox 94 3317 718 3396; baseline -0.018 -10"><span class='ocrx_word' id='word_1_276' title='bbox 94 3329 200 3390; x_wconf 86' lang='lat' dir='ltr'><strong>Thom.</strong></span> <span class='ocrx_word' id='word_1_277' title='bbox 220 3329 248 3380; x_wconf 77' lang='grc'><strong>3.</strong></span> <span class='ocrx_word' id='word_1_278' title='bbox 262 3330 337 3396; x_wconf 84' lang='lat' dir='ltr'><strong>part.</strong></span> <span class='ocrx_word' id='word_1_279' title='bbox 352 3328 456 3395; x_wconf 84' lang='lat' dir='ltr'><strong>quaest.</strong></span> <span class='ocrx_word' id='word_1_280' title='bbox 475 3327 520 3388; x_wconf 88' lang='lat'><strong>19.</strong></span> <span class='ocrx_word' id='word_1_281' title='bbox 532 3329 586 3376; x_wconf 87' lang='lat' dir='ltr'><strong>art.</strong></span> <span class='ocrx_word' id='word_1_282' title='bbox 599 3326 626 3376; x_wconf 82' lang='lat'><strong>3.</strong></span> <span class='ocrx_word' id='word_1_283' title='bbox 638 3317 676 3374; x_wconf 88' lang='lat' dir='ltr'><strong>ad</strong></span> <span class='ocrx_word' id='word_1_284' title='bbox 693 3326 718 3375; x_wconf 89' lang='lat' dir='ltr'><strong>l.</strong></span> 
     </span>
    </p>

    <p class='ocr_par' dir='ltr' id='par_1_11' title="bbox 80 3397 1011 3798">
     <span class='ocr_line' id='line_1_39' title="bbox 131 3397 1011 3475; baseline -0.011 -11"><span class='ocrx_word' id='word_1_285' title='bbox 131 3405 194 3465; x_wconf 85' lang='lat' dir='ltr'><strong>Alii</strong></span> <span class='ocrx_word' id='word_1_286' title='bbox 208 3399 397 3475; x_wconf 82' lang='lat' dir='ltr'><strong>distinguunt</strong></span> <span class='ocrx_word' id='word_1_287' title='bbox 421 3397 477 3454; x_wconf 91' lang='lat' dir='ltr'><strong>hoc</strong></span> <span class='ocrx_word' id='word_1_288' title='bbox 501 3397 610 3468; x_wconf 74' lang='lat' dir='ltr'><strong>modo,</strong></span> <span class='ocrx_word' id='word_1_289' title='bbox 639 3397 690 3455; x_wconf 88' lang='lat' dir='ltr'><strong>ille</strong></span> <span class='ocrx_word' id='word_1_290' title='bbox 703 3419 785 3456; x_wconf 88' lang='lat' dir='ltr'><strong>amor</strong></span> <span class='ocrx_word' id='word_1_291' title='bbox 798 3418 857 3456; x_wconf 90' lang='lat' dir='ltr'><strong>non</strong></span> <span class='ocrx_word' id='word_1_292' title='bbox 872 3410 933 3458; x_wconf 88' lang='lat' dir='ltr'><strong>erat</strong></span> <span class='ocrx_word' id='word_1_293' title='bbox 946 3397 1011 3456; x_wconf 82' lang='lat' dir='ltr'><strong>liber</strong></span> 
     </span>
     <span class='ocr_line' id='line_1_40' title="bbox 91 3477 1011 3564; baseline -0.009 -19"><span class='ocrx_word' id='word_1_294' title='bbox 91 3498 181 3564; x_wconf 89' lang='lat' dir='ltr'><strong>prout</strong></span> <span class='ocrx_word' id='word_1_295' title='bbox 195 3480 409 3542; x_wconf 83' lang='lat' dir='ltr'><strong>terminabatur</strong></span> <span class='ocrx_word' id='word_1_296' title='bbox 423 3478 459 3534; x_wconf 85' lang='lat' dir='ltr'><strong>ad</strong></span> <span class='ocrx_word' id='word_1_297' title='bbox 475 3477 672 3553; x_wconf 88' lang='lat' dir='ltr'><strong>perfectiones</strong></span> <span class='ocrx_word' id='word_1_298' title='bbox 685 3477 742 3536; x_wconf 89' lang='lat' dir='ltr'><strong>Dei</strong></span> <span class='ocrx_word' id='word_1_299' title='bbox 755 3479 942 3550; x_wconf 79' lang='lat' dir='ltr'><strong>necessarias,</strong></span> <span class='ocrx_word' id='word_1_300' title='bbox 950 3486 1011 3549; x_wconf 64' lang='lat' dir='ltr'><strong>cont</strong></span> 
     </span>
     <span class='ocr_line' id='line_1_41' title="bbox 91 3550 1011 3640; baseline -0.011 -16"><span class='ocrx_word' id='word_1_301' title='bbox 91 3567 174 3633; x_wconf 86' lang='lat' dir='ltr'><strong>min,</strong></span> <span class='ocrx_word' id='word_1_302' title='bbox 188 3571 278 3640; x_wconf 86' lang='lat' dir='ltr'><strong>prout</strong></span> <span class='ocrx_word' id='word_1_303' title='bbox 289 3558 466 3635; x_wconf 85' lang='lat' dir='ltr'><strong>respiciebat</strong></span> <span class='ocrx_word' id='word_1_304' title='bbox 481 3559 590 3626; x_wconf 89' lang='lat' dir='ltr'><strong>Deum,</strong></span> <span class='ocrx_word' id='word_1_305' title='bbox 607 3557 767 3616; x_wconf 80' lang='lat' dir='ltr'><strong>secundum</strong></span> <span class='ocrx_word' id='word_1_306' title='bbox 789 3559 872 3636; x_wconf 89' lang='lat' dir='ltr'><strong>quod</strong></span> <span class='ocrx_word' id='word_1_307' title='bbox 892 3571 935 3617; x_wconf 79' lang='lat' dir='ltr'><strong>cst</strong></span> <span class='ocrx_word' id='word_1_308' title='bbox 954 3550 1011 3614; x_wconf 63' lang='lat' dir='ltr'><strong>reti·</strong></span> 
     </span>
     <span class='ocr_line' id='line_1_42' title="bbox 88 3639 959 3721; baseline -0.007 -17"><span class='ocrx_word' id='word_1_309' title='bbox 88 3642 235 3721; x_wconf 78' lang='lat' dir='ltr'><strong>diligendi</strong></span> <span class='ocrx_word' id='word_1_310' title='bbox 246 3650 402 3706; x_wconf 87' lang='lat' dir='ltr'><strong>creaturas,</strong></span> <span class='ocrx_word' id='word_1_311' title='bbox 415 3657 465 3694; x_wconf 87' lang='lat' dir='ltr'><strong>seu</strong></span> <span class='ocrx_word' id='word_1_312' title='bbox 478 3640 622 3713; x_wconf 80' lang='lat' dir='ltr'><strong>quatenus</strong></span> <span class='ocrx_word' id='word_1_313' title='bbox 633 3649 780 3697; x_wconf 87' lang='lat' dir='ltr'><strong>creaturas</strong></span> <span class='ocrx_word' id='word_1_314' title='bbox 792 3639 935 3717; x_wconf 84' lang='lat' dir='ltr'><strong>diligebat</strong></span> <span class='ocrx_word' id='word_1_315' title='bbox 940 3657 959 3716; x_wconf 90' lang='lat' dir='ltr'><strong>p</strong></span> 
     </span>
     <span class='ocr_line' id='line_1_43' title="bbox 80 3712 985 3798; baseline -0.014 -14"><span class='ocrx_word' id='word_1_316' title='bbox 80 3741 127 3786; x_wconf 82' lang='lat' dir='ltr'><strong>tm·</strong></span> <span class='ocrx_word' id='word_1_317' title='bbox 143 3728 260 3794; x_wconf 89' lang='lat' dir='ltr'><strong>Deum,</strong></span> <span class='ocrx_word' id='word_1_318' title='bbox 272 3741 342 3798; x_wconf 80' lang='lat' dir='ltr'><strong>neg.</strong></span> <span class='ocrx_word' id='word_1_319' title='bbox 357 3720 430 3778; x_wconf 85' lang='lat' dir='ltr'><strong>min.</strong></span> <span class='ocrx_word' id='word_1_320' title='bbox 443 3727 563 3797; x_wconf 84' lang='lat' dir='ltr'><strong>poterat</strong></span> <span class='ocrx_word' id='word_1_321' title='bbox 576 3719 658 3776; x_wconf 80' lang='lat' dir='ltr'><strong>enim</strong></span> <span class='ocrx_word' id='word_1_322' title='bbox 671 3712 754 3774; x_wconf 73' lang='lat' dir='ltr'><strong>hanc</strong></span> <span class='ocrx_word' id='word_1_323' title='bbox 765 3719 819 3776; x_wconf 71' lang='lat' dir='ltr'><strong>aei</strong></span> <span class='ocrx_word' id='word_1_324' title='bbox 827 3720 909 3777; x_wconf 80' lang='lat' dir='ltr'><strong>iham</strong></span> <span class='ocrx_word' id='word_1_325' title='bbox 918 3725 985 3778; x_wconf 81' lang='lat' dir='ltr'><strong>creat</strong></span> 
     </span>
    </p>

    <p class='ocr_par' dir='ltr' id='par_1_12' title="bbox 69 3796 731 3877">
     <span class='ocr_line' id='line_1_44' title="bbox 69 3796 731 3877; baseline -0.023 -12"><span class='ocrx_word' id='word_1_326' title='bbox 69 3828 136 3869; x_wconf 82' lang='lat' dir='ltr'><strong>ram</strong></span> <span class='ocrx_word' id='word_1_327' title='bbox 156 3807 216 3865; x_wconf 92' lang='lat' dir='ltr'><strong>hoc</strong></span> <span class='ocrx_word' id='word_1_328' title='bbox 234 3803 284 3864; x_wconf 84' lang='lat' dir='ltr'><strong>vel</strong></span> <span class='ocrx_word' id='word_1_329' title='bbox 298 3802 355 3862; x_wconf 84' lang='lat' dir='ltr'><strong>illo</strong></span> <span class='ocrx_word' id='word_1_330' title='bbox 367 3801 482 3862; x_wconf 86' lang='lat' dir='ltr'><strong>amoris</strong></span> <span class='ocrx_word' id='word_1_331' title='bbox 494 3810 564 3858; x_wconf 79' lang='lat' dir='ltr'><strong>actu</strong></span> <span class='ocrx_word' id='word_1_332' title='bbox 574 3796 731 3877; x_wconf 64' lang='lat' dir='ltr'><strong>prosequi.</strong></span> 
     </span>
    </p>
   </div>
   <div class='ocr_carea' id='block_1_7' title="bbox 0 0 1090 4072">
    <p class='ocr_par' dir='ltr' id='par_1_13' title="bbox 0 0 1090 4072">
     <span class='ocr_line' id='line_1_45' title="bbox 0 0 1090 4072; baseline 0 0"><span class='ocrx_word' id='word_1_333' title='bbox 0 0 1090 4072; x_wconf 95' lang='lat' dir='ltr'><strong> </strong></span> 
     </span>
    </p>
   </div>
  </div>
 </body>
</html>
