2160 4072
171 128 281 208 euique
293 127 551 198 esttribuendum,
572 129 685 188 malum
701 138 747 188 est
757 125 959 206 i'ugr'er'tdutrr',¹
973 148 1025 209 qut

174 228 235 268 non
249 209 294 268 vis
305 208 367 267 fieri
379 207 465 267 alteri
477 229 516 267 ne
529 209 645 280 feceris,
660 219 717 269 etc.
943 222 951 235 ⁴

214 290 274 350 Ill.
289 287 330 349 3⁰.
346 289 536 348 Conveniunt
548 289 636 347 etiam
649 309 752 348 omnes
763 287 811 347 his
824 291 1025 368 temporibus,

172 390 234 428 nou
247 369 335 428 detur
349 369 514 449 ignorantia
528 369 658 446 practice
671 368 850 428 invincibilis
862 371 964 446 quoad
978 391 1025 430 sec

173 449 217 508 ria
227 449 305 528 juris
318 460 432 507 naturae
444 449 601 526 principia,
616 469 683 526 quae
693 464 731 506 ex
740 448 891 525 primariis
899 451 989 511 facile
1001 461 1025 510 et

173 531 381 591 deducuntur:
410 529 509 606 qualia
522 540 594 588 sunt
617 528 822 597 homicidium,
837 531 1020 608 perjurium,

173 611 242 680 mia,
256 609 445 679 adulterium,
457 620 512 668 etc.
537 610 609 678 lmb,
618 610 706 688 juxta
714 608 820 678 varios,
834 611 972 689 alioquin
982 613 1025 689 igr

171 691 242 750 tiam
262 689 392 768 practice
405 688 608 749 invincibilem
632 689 709 748 eirea
722 689 877 748 remotiora
898 693 1025 770 principi

173 770 333 841 mittentes,
356 768 421 828 haec
431 790 491 828 uon
505 769 594 828 datur
604 770 635 828 in
646 768 804 849 praeceptis
815 769 954 851 decalogi
962 792 1025 832 secu

174 871 206 910 re
219 850 420 909 consideratis.

214 931 334 989 Dicitur
349 937 368 966 “
382 929 546 989 secundum
556 950 587 988 se
599 929 809 988 consideratis''
822 942 950 1009 propter
964 954 1025 1010 quo

174 1021 208 1069 ut
222 1010 344 1088 Sylvius
367 1022 397 1069 et
421 1010 557 1078 Billuart,
582 1011 635 1088 qui
649 1011 764 1080 dicunt,
792 1012 873 1088 qubd
887 1013 912 1070 si
936 1033 1025 1091 praecv

81 1156 85 1162 ‚
174 1091 376 1150 consideretur
395 1091 456 1149 tale
482 1109 551 1148 eum
575 1091 795 1149 circumstantia
819 1092 920 1170 aliqua
943 1114 1025 1171 appar

175 1181 332 1231 excusante
348 1170 510 1249 dpeccato,
527 1180 560 1229 ut
572 1171 667 1229 furari
680 1171 719 1228 ad
733 1173 969 1239 succurrendum
990 1195 1025 1252 gr

176 1251 333 1328 indigenti,
347 1250 424 1310 illud
440 1251 535 1328 possit
557 1251 596 1309 ad
609 1250 732 1328 aliquod
744 1260 873 1329 tempus,
888 1253 992 1312 saltem
1008 1258 1022 1312 ὲ

175 1332 286 1404 oribus,
301 1331 514 1391 invincibiliter
524 1333 653 1413 practice
667 1330 817 1408 ignorari:
844 1333 897 1391 sed
910 1335 963 1392 alii
976 1335 1025 1412 plu

177 1411 326 1491 rejiciunt.

218 1493 271 1550 lV.
287 1493 420 1566 Quaestio
434 1492 526 1570 igitur
537 1493 707 1560 ventilatur,
727 1495 824 1552 utrlrm
850 1493 940 1554 detur
955 1496 1025 1574 igno

176 1571 304 1651 practice
317 1572 498 1637 invincibilis
519 1573 550 1630 in
575 1574 782 1633 remotioribus
802 1577 970 1654 praecptis,
985 1598 1025 1635 ser

176 1652 358 1712 elusionibus
368 1652 443 1728 legis
453 1664 577 1723 naturae,
593 1655 655 1713 sive
674 1654 706 1711 in
726 1654 795 1725 illis,
821 1675 886 1733 quae
900 1658 1025 1716 obscura

177 1743 207 1793 et
220 1752 280 1791 non
293 1732 351 1793 nisi
364 1733 523 1792 difficulter
531 1754 568 1792 ex
578 1734 726 1811 primariis
741 1735 942 1794 deducuntur.

218 1814 252 1871 R.
269 1813 398 1891 Sylvius,
422 1816 548 1884 Neesen,
570 1814 706 1883 Billuart,
728 1815 825 1873 Collet
842 1816 954 1893 aliique
977 1837 1025 1875 sus

177 1895 267 1953 talem
278 1894 473 1970 ignorantiam
486 1913 572 1972 posse
586 1894 789 1952 invincibilem
799 1916 861 1954 esse
874 1898 1016 1973 practice,

177 1994 280 2034 cusare
295 1979 310 2033 a
324 1986 387 2035 toto
399 1986 539 2053 peccato:
564 1974 699 2051 exempla
713 1986 782 2033 sunt
796 1976 827 2057 in
841 1977 1023 2036 mendacius

178 2055 298 2113 tandam
312 2067 447 2124 mortem,
462 2056 494 2112 in
507 2055 592 2112 lucro
606 2075 642 2112 ex
656 2066 769 2124 mutuo,
786 2067 841 2113 etc.

218 2136 255 2192 V.
277 2134 423 2203 Boudart‚
438 2136 581 2213 steyaert,
606 2133 762 2204 Daelman‚
785 2146 842 2194 etc.
867 2146 897 2194 et
923 2140 1024 2197 Lovan

177 2215 369 2294 praetendunt
377 2214 489 2272 nullam
500 2215 563 2273 dari
573 2215 769 2291 ignorantiam
777 2218 906 2293 practici
917 2220 1025 2276 invinci

179 2299 211 2354 in
223 2296 379 2373 praeceptis
389 2295 466 2373 juris
481 2307 603 2365 natura,
628 2296 690 2352 sive
704 2296 782 2371 qudd
797 2317 889 2373 agens
904 2319 941 2356 ex
956 2301 1025 2376 igno

174 2376 253 2455 juris
263 2387 375 2433 naturae
393 2394 545 2452 nunquam
556 2379 741 2433 excusetur&
756 2387 818 2433 toto
833 2389 965 2457 peccato,
988 2380 1025 2436 lie

179 2455 274 2514 cusari
287 2457 380 2532 possit
393 2457 408 2512 a
419 2456 544 2514 mortali.
588 2456 623 2512 ln
636 2455 769 2512 eamdem
785 2459 972 2528 sententiam,
986 2480 1025 2536 pri

179 2537 217 2594 tis
226 2537 382 2613 utriusque
395 2536 488 2612 partis
502 2535 693 2612 argumentis,
708 2537 875 2613 propendet
889 2540 1022 2598 Concina

181 2624 201 2650 “
210 2615 248 2673 de
263 2618 367 2674 Con-s.'’
381 2616 497 2673 dissert.
512 2624 539 2674 2.
556 2636 618 2693 cap.
635 2624 663 2675 3.

220 2697 308 2754 Hanc
322 2697 495 2753 sententiam
514 2696 556 2753 ita
570 2697 732 2773 expositam
748 2698 892 2774 Deputati
908 2701 1022 2759 Lovan.

183 2777 269 2843 1677.
295 2777 393 2833 Romae
417 2777 590 2835 obtulerunt
625 2778 747 2834 Summo
783 2777 920 2837 Pontifici
950 2782 1026 2837 lnno

182 2857 249 2925 xl„
278 2863 336 2934 qut
361 2856 474 2914 iteratis
488 2857 603 2914 vicibus
626 2857 754 2913 examini
776 2859 919 2935 subjectis,
948 2881 1025 2937 roga*

180 2935 270 2998 etiarn
287 2937 454 3013 Deputatis.
469 2947 512 3005 ut,
528 2936 551 2994 si
561 2955 597 2993 ea
607 2935 786 3013 displiceret,
798 2939 829 2995 id
846 2941 992 2998 Sanctitas
1007 2961 1025 2998 ει

179 3019 291 3078 clarore
306 3017 497 3092 dignaretur3
524 3015 568 3073 nil
582 3028 681 3074 tamen
701 3017 845 3077 adversus
868 3039 933 3077 eam
956 3022 1025 3098 depr

180 3111 244 3158 est:
270 3099 322 3156 ubi
338 3097 455 3154 interim
471 3097 571 3154 multae
595 3096 832 3171 adversariorum
848 3103 1025 3176 propositior

180 3180 291 3238 eisdem
311 3177 470 3254 Deputatis
485 3177 599 3244 delate,
622 3187 695 3235 tunc
710 3185 835 3236 censura
858 3181 965 3237 inustae
991 3182 1025 3239 fu

181 3259 340 3328 Articulos,
364 3258 472 3334 quibus
486 3257 550 3315 haee
564 3257 699 3314 doctrina
713 3278 767 3334 per
782 3259 982 3319 Lovanienses
998 3262 1025 3319 S,

180 3328 1025 3419 proposita,expressafuit,videApudSteyacrtindamn.i

202 3421 256 3478 Vl.
270 3420 355 3476 Ratio
368 3418 458 3494 hujus
470 3417 623 3475 sententiae
638 3429 691 3486 est,
708 3417 787 3494 quiid
800 3421 865 3476 cinn
880 3421 929 3477 lex
941 3432 1025 3479 natur

176 3499 344 3579 prohibeat,
369 3498 425 3555 nisi
446 3497 603 3555 intrinsece
621 3498 707 3567 tnala,
729 3518 780 3555 seu
806 3519 872 3574 quae
885 3520 922 3558 ex
947 3511 1025 3558 nattu

168 3591 340 3641 creaturam
353 3578 531 3638 rationalem
541 3577 699 3646 dedecent,
712 3578 753 3634 ad
764 3578 897 3633 divinam
907 3581 1025 3654 previde

153 3672 300 3741 spectare
316 3661 474 3732 videatur,
491 3671 529 3719 ut
540 3659 712 3725 hominem,
732 3657 760 3712 si
774 3668 971 3728 eusuaparte
980 3676 1025 3743 nu

139 3742 274 3803 inillam
287 3743 396 3825 legem
412 3743 600 3826 impingere
609 3758 674 3798 non
682 3733 861 3812 permutati
869 3733 978 3786 eadem
987 3750 1025 3785 m
