2152 4066
104 105 168 178 176
406 134 423 169 ·..
447 166 450 171 .
472 121 675 173 raacrarns

111 317 115 325 -
146 273 182 335 si·
193 272 260 352 quis
268 282 368 333 tamen
382 271 472 331 vitam
484 291 565 330 suam
580 272 721 333 defendat
731 275 847 334 actione
859 273 994 335 occisiva
1005 276 1066 336 in·-

102 355 176 434 justi
195 356 262 413 vitae
275 353 428 422 invasoris,
450 363 566 412 servato
579 353 778 414 moderamine
792 355 954 433 inculpatae
973 368 1046 418 tute·

104 437 151 505 lae,
176 433 359 494 communior
373 431 516 491 sententia
530 432 617 491 docet
630 432 822 494 homicidium
834 437 862 494 ei
876 456 937 493 non
952 437 1047 515 impu·

107 515 173 584 tari,
185 535 283 592 neque
296 533 359 572 esse
373 513 574 572 voluntarium
585 533 594 570 s
614 515 686 591 quia
699 514 769 574 licet
782 516 877 575 vitain
897 518 1041 594 propriam
1053 562 1059 591 ,

105 595 247 672 praeferre
261 595 373 653 alienae.
1046 594 1064 711 ’ζ

147 677 195 733 Ex
204 675 294 733 allato
316 674 462 732 axiomate
482 671 573 732 crudi
593 673 745 733 intellecto
764 675 907 734 videntur
929 676 1034 742 florino

106 755 207 834 plures
221 754 438 834 propositiones
450 753 576 813 morales
589 773 626 815 cx
636 755 791 832 sexaginta
799 756 935 834 quinque
945 759 981 816 ab
996 759 1029 819 ln·
1042 760 1047 831 ,“

104 837 242 894 nocentio
268 835 324 892 XI.
352 833 535 912 proscriptis,
558 834 590 891 in
616 834 725 911 quibus
746 837 911 914 temporale
926 849 1026 915 oeoemo,
1042 838 1066 899 '.

104 916 257 993 corporale
289 914 445 991 spirituali,
467 924 498 972 et
521 914 669 990 privatum
696 916 818 993 publico
844 860 1066 1009 anteponituci}

104 995 182 1054 Vide
196 1007 279 1054 notas
292 995 447 1073 Steyaertii
461 993 494 1052 in
514 994 607 1052 dictas
620 996 846 1073 propositiones.

65 1180 68 1187 ·
107 1156 146 1213 N.
166 1165 214 1217 25.
236 1157 294 1215 DE
316 1154 564 1214 AXIOMATE:
588 1155 806 1216 EFFECTUS
820 1128 1066 1249 volmarus

200 1237 298 1297 RIUS
318 1234 597 1295 SOLUMMODO
619 1236 665 1293 ΙΝ
689 1238 839 1308 CAUSA,
860 1239 952 1297 ETC.
1044 1258 1066 1335 i]

106 1397 136 1456 Ι.
156 1398 283 1458 Aniomo.
325 1395 385 1455 Ill.
400 1392 720 1472 Regulniadededucto
741 1394 941 1455 nonsudsistil.
981 1348 1056 1462 Illi

149 1475 312 1556 Temperari
338 1483 427 1533 tamen
452 1482 548 1552 potest.
592 1472 645 1532 lv,
670 1474 737 1533 Solu
756 1474 948 1534 intentiones
968 1479 1036 1556 fucit
1049 1472 1066 1571 Ξῖ

144 1565 235 1615 actum
244 1565 385 1614 osonum
400 1554 543 1631 injustum.

147 1716 170 1774 1.
185 1716 323 1775 ALIUD
345 1713 478 1775 daturin
501 1711 558 1774 hac
581 1713 704 1773 materia
718 1713 849 1773 axioma:
879 1720 899 1761 ‘-‘
912 1715 1038 1777 Effectus
1055 1724 1066 1785 ζ

105 1804 125 1831 “
136 1797 320 1854 voluntarius
328 1791 511 1855 solummodo
524 1792 556 1850 in
570 1812 666 1863 eausa
687 1810 748 1851 non
760 1793 856 1871 magis
869 1806 915 1853 est
938 1796 1040 1855 volun.
1055 1790 1066 1851 ξ

104 1885 125 1915 “
136 1878 239 1946 tarius,
254 1879 344 1953 qaam
356 1876 420 1952 ipsa
433 1875 546 1933 musa?
570 1872 644 1933 Inde
659 1872 800 1932 Casuistoe
816 1875 939 1955 quidam
952 1876 1038 1936 fabri·
1057 1858 1066 1961 ξ

103 1964 211 2017 strunt
219 1957 297 2015 hanc
313 1955 466 2033 regulam:
482 1954 525 2012 11.
540 1961 560 1987 “
572 1951 704 2011 Effectus
716 1954 749 2013 in
759 1973 849 2013 causa
862 1955 979 2013 tantilm
991 1976 1040 2019 ros

104 2048 124 2073 “
135 2038 291 2102 luntarius‚
302 2056 362 2096 non
382 2034 477 2108 magis
487 2043 531 2091 est
552 2033 709 2110 culpabilis
722 2033 786 2091 sive
806 2036 1038 2112 peccaminosus,

107 2126 126 2155 “
141 2139 230 2196 quam
245 2128 290 2175 est
313 2116 379 2193 ipsa
393 2116 505 2175 causa'’.
525 2114 638 2172 Veriim
657 2113 715 2172 hoc
727 2128 787 2172 non
807 2126 852 2173 est
863 2117 1043 2193 generaliter

104 2219 207 2257 verum
219 2221 228 2268 3
244 2195 310 2254 oiim
323 2196 412 2253 etiam
423 2193 566 2251 verificari
575 2194 681 2252 debeat
694 2195 751 2252 hoc
764 2194 899 2266 axioma3
916 2204 937 2228 “
946 2196 1042 2266 Eliso,

104 2286 124 2312 “
138 2290 187 2337 tus
200 2277 294 2334 malus
307 2275 340 2332 in
350 2293 437 2332 causa
449 2273 603 2350 praevisus,
628 2275 825 2334 communicat
846 2277 943 2335 caiisae
957 2296 1040 2336 suam

104 2358 273 2427 malitiam,''
288 2353 447 2432 suppositis
461 2353 573 2413 scilicet
586 2354 806 2413 conditionibus
816 2357 855 2418 N.
869 2363 919 2415 24.
929 2356 1039 2418 relatis:

104 2450 135 2498 et
147 2441 198 2508 ita,
209 2438 231 2496 si
244 2436 310 2514 quis
319 2434 482 2513 praevideat
492 2452 528 2491 ex
537 2454 591 2492 suo
601 2434 755 2494 mendacio
760 2435 862 2513 jocoso
869 2448 1041 2496 secuturum

104 2518 296 2578 homicidium
311 2515 357 2574 vel
372 2514 546 2592 perjurium,
561 2514 626 2592 ipse
641 2515 682 2573 sic
699 2515 860 2574 deliberate
870 2516 1043 2577 mentiendo

105 2600 238 2678 peccabit
258 2595 439 2655 mortaliter:
467 2593 547 2651 idem
568 2606 621 2663 est,
646 2595 671 2653 si
684 2615 720 2654 ex
735 2597 825 2654 verbo
839 2616 915 2655 vano
935 2598 1043 2674 praevi·

105 2681 173 2739 deat
187 2689 325 2738 secutura
337 2676 429 2734 verba
442 2685 494 2733 aut
507 2675 585 2734 sacta
596 2675 761 2737 libidinosa.

146 2761 206 2820 ΙΙΙ,
223 2755 395 2835 Temperari
408 2766 509 2832 posset
521 2755 646 2831 praefata
658 2757 773 2832 Regula
785 2757 841 2815 hoc
849 2758 957 2818 modo:
971 2759 1042 2831 doru

106 2861 191 2900 causa
205 2850 250 2898 est
264 2837 358 2896 solim
373 2835 527 2893 venialiter
540 2834 618 2892 mala
631 2838 670 2895 ob
690 2835 964 2896 indeliberationem
993 2859 1042 2898 seu

105 2919 357 2999 imperfectionem
373 2914 542 2984 voluntarii,
553 2925 625 2973 tune
639 2915 689 2975 ille
702 2915 824 2976 effectus
845 2917 876 2974 in
889 2917 942 2976 illa
954 2940 1042 2978 causa

104 2998 287 3060 solummodo
307 2995 501 3064 voluntarius,
516 2994 573 3052 erit
586 2995 699 3053 tannim
714 2997 866 3056 venialiter
880 2998 994 3058 malus:
1016 3020 1043 3057 v.

103 3103 134 3159 g.
146 3082 171 3140 si
183 3101 221 3138 ex
233 3077 355 3136 ancillae
368 3075 560 3153 negligentia,
576 3075 694 3135 defectu
714 3077 853 3153 plenioris
872 3077 1042 3136 deliberati·

108 3162 181 3231 onis,
192 3158 348 3218 venialiter
364 3155 481 3214 tannim
498 3155 588 3224 mali,
617 3165 756 3233 sequatur
774 3156 957 3229 incendium,
983 3178 1041 3216 non

104 3240 299 3320 imputabitur
312 3237 343 3295 in
357 3246 513 3317 peccatum
526 3236 650 3294 mortale
662 3259 671 3306 ;
685 3236 826 3312 quianon
840 3236 925 3296 adest
940 3238 1039 3296 volun·

105 3324 212 3383 tarium
223 3321 320 3398 plene,
335 3337 387 3376 seu
401 3315 470 3375 satis
483 3316 613 3392 perfecti
625 3315 837 3375 deliberatum:
854 3316 933 3375 idem
950 3329 1005 3389 est,
1018 3319 1038 3376 si

104 3427 140 3465 ox
151 3404 243 3460 verbo
253 3419 312 3458 non
327 3397 395 3456 satis
410 3395 571 3453 deliberato
586 3408 727 3474 sequatur
740 3397 943 3457 homicidium,

148 3484 200 3540 IV.
218 3484 296 3539 Nota
310 3478 389 3556 qudd
403 3475 464 3536 sola
481 3476 597 3535 interna
620 3476 745 3535 intentio
767 3478 886 3556 injusta,
906 3479 1039 3556 quamvis

103 3563 193 3623 faciat
206 3561 341 3620 effectum
355 3557 508 3637 injustum,
523 3576 583 3614 non
605 3556 695 3614 faciat
709 3567 808 3616 tamen
830 3569 931 3616 actum
945 3569 1037 3617 exter·

100 3663 184 3715 num,
200 3641 253 3720 qui
272 3640 344 3700 aliis
364 3658 425 3699 nou
444 3647 521 3696 esset
544 3647 647 3695 contra
664 3636 816 3715 justitiam,
832 3637 965 3697 effective
979 3658 1037 3698 esse

90 3737 198 3785 eontra
211 3723 314 3809 illam:
332 3721 389 3782 nisi
401 3721 435 3781 in
449 3738 534 3790 casu,
553 3718 608 3778 ulii
619 3717 673 3776 illc
696 3729 782 3777 actus
802 3719 1000 3773 excusabatur
1011 3719 1048 3771 elo

81 3806 237 3888 injustitia
254 3806 340 3869 mere
350 3825 387 3866 ex
399 3825 449 3878 eo,
463 3801 613 3884 quidille
624 3796 755 3859 intentio
766 3796 910 3855 anensem
925 3790 1066 3845 tannem

733 4016 771 4026 -
857 3958 893 4026 Χ
