2160 4072
53 21 1006 52 *FU-‚m

215 88 261 132 mc
283 87 428 133 Acronus
451 89 621 134 nonime.
827 70 890 141 159

54 234 90 293 R.
108 235 166 292 Est
176 231 262 303 illud,
278 234 360 310 quod
374 233 540 294 immediate
559 235 693 313 procedit
714 236 752 295 ab
765 235 824 294 atis
836 256 889 313 po-

53 333 89 372 ex
100 314 228 392 imperio
240 314 289 374 vel
312 314 426 375 influxu
440 316 610 385 voluntatis,
639 315 738 375 veleb
759 315 829 393 ipsit·
838 336 891 374 vo·

53 413 74 463 e,
88 395 240 453 mediante
251 395 364 473 praevio
377 396 538 455 voluntatis
551 406 629 455 ectu.

53 475 200 533 nmediate
213 475 355 553 procedat
373 478 411 535 ob
433 476 491 535 alis
512 477 658 553 potentie,
677 475 789 535 dicitur
802 487 886 537 ectus

53 555 109 613 etis
133 554 294 632 ir'nperatus
317 555 431 614 tannim
442 580 452 628 3
478 555 535 614 hoc
562 557 650 615 modo
663 556 888 617 voluntaricctt

53 634 167 705 maniis,
190 656 256 712 quae
280 636 446 695 immediate
471 635 607 713 procedit
630 636 793 712 dpotentid
808 636 889 695 loco·

53 761 65 784 1,
90 727 123 772 et
135 715 261 775 mediate
276 736 313 774 ex
322 716 483 776 voluntatis
492 717 632 794 imperio:
647 718 718 776 item
729 715 787 775 hoc
800 716 890 775 modo

53 795 106 853 arii
121 816 184 854 esse
197 807 322 872 possunt
336 809 419 855 actus
440 800 501 866 irae,
517 808 547 855 et
560 797 816 875 concupiscentits,
828 809 885 856 etc.

63 876 94 934 Si
107 876 276 935 immediate
288 878 430 954 procedat
443 878 481 936 cb
495 877 560 953 ipst
584 878 745 947 voluntate,
761 877 814 936 sed
828 897 888 936 rne-

69 956 184 1032 praevio
207 957 366 1015 voluntatis
390 969 468 1027 actu,
494 957 603 1015 dicitur
627 970 710 1016 actus
725 957 888 1016 voluntatis

53 1048 103 1093 set
118 1037 279 1113 imperatus
294 1037 397 1098 simul:
423 1039 490 1096 talis
503 1049 550 1095 est
561 1048 645 1096 octus
667 1036 825 1097 Charitatis
839 1039 888 1096 vel

52 1137 143 1193 qoem
168 1117 339 1176 homoante
352 1117 460 1177 elicere
480 1118 653 1196 proposuit3
676 1129 706 1177 et
718 1118 785 1176 talis
804 1128 888 1177 actus
910 1184 912 1191 ,

53 1197 164 1254 habet
173 1197 372 1256 voluntarium
375 1197 887 1275 ‚elicitumscilicetetimperotum;

53 1298 76 1334 n
91 1276 224 1353 quidem,
249 1277 425 1376 inquantum
439 1279 606 1336 immediate
624 1278 803 1337 ivoluntate
815 1298 885 1357 pro-

59 1357 251 1434 imperatum
255 1363 322 1416 vero
343 1356 519 1436 inquantinn
540 1359 677 1436 procedit
702 1378 738 1416 ex
762 1357 887 1436 imperio

53 1438 144 1495 lentis
159 1438 328 1497 voluntatis.

53 1539 74 1587 t,
88 1517 171 1594 quod
181 1522 289 1578 octus
278 1542 293 1576 a
308 1521 462 1579 voluntate
475 1519 565 1578 eliciti
574 1519 711 1578 dicantur
724 1517 884 1577 voluntarii

53 1599 99 1655 »sis
116 1622 123 1656 ε
139 1609 221 1656 actus
235 1610 332 1658 autem
344 1600 480 1677 imperati
491 1599 627 1659 dicantur
641 1598 811 1669 voluntarii,
833 1617 888 1676 per

53 1678 215 1737 voluntatis
223 1691 322 1739 actum
338 1681 384 1739 vel
397 1679 553 1739 influxum.

84 1840 143 1897 DE
166 1837 453 1901 VOLUNTARIO
475 1839 634 1900 LIBERO
657 1842 711 1899 ET
736 1840 884 1899 NECES-

351 1939 487 1998 SARIO.

53 2097 211 2156 »lanterium
226 2101 418 2158 necessarium.
462 2101 505 2158 11.
531 2098 725 2158 Voluntarinm
738 2101 865 2163 liberum

106 2178 165 2236 Ill.
188 2179 253 2243 Non
262 2198 341 2238 omne
352 2179 536 2237 voluntarium
549 2186 592 2235 est
605 2177 730 2238 liberum

53 2333 98 2390 11)
119 2346 164 2393 est
177 2336 377 2396 voluntarium
391 2336 611 2396 necessatium?
847 2356 849 2361 ·

53 2416 130 2472 .Est
144 2415 229 2486 illud,
252 2417 334 2495 qnod
357 2417 526 2495 procedit
516 2441 530 2475 a
550 2416 704 2477 voluntate
722 2417 884 2477 deliberent

54 2494 219 2554 differentid
230 2497 345 2575 judicii.
388 2499 457 2557 Hoc
470 2498 667 2556 voluntarium
690 2499 859 2591 reperitur·⁸
856 2498 887 2555 in

56 2575 226 2645 beatifico,
218 2597 250 2634 ιιι
272 2579 407 2655 appetitu
428 2576 642 2637 beatitudinis
634 2597 664 2635 m
680 2578 839 2648 communi,
843 2576 882 2636 in

69 2675 132 2731 quo
151 2674 285 2733 persone
303 2658 421 2716 Divinae
435 2679 466 2716 se
479 2669 587 2717 amcnt

53 2736 280 2794 voluntarium
306 2740 502 2797 necessarium
536 2748 657 2796 vocatur
685 2746 707 2773 “
719 2739 882 2797 liberum
871 2762 886 2796 ιι

53 2816 140 2883 ione(
140 2817 254 2874 iterna
265 2820 331 2876 Van
343 2821 407 2895 Roy
416 2819 548 2877 dicitur‘
550 2817 694 2878 ‘liberum
705 2819 889 2879 essentialess’

53 2895 69 2952 d
82 2896 333 2956 estvoluntnrium
347 2898 498 2958 liberum?
844 2914 858 2941 ³

53 2978 78 3033 3„
95 2977 199 3048 Escid,
214 2979 294 3054 quod
304 2981 465 3056 procedite
480 2981 804 3040 voluntatedeliberatt
819 3000 888 3040 curn

53 3057 146 3115 rentid
166 3058 282 3136 judicii.
325 3059 456 3118 Vocatur
479 3063 566 3118 etiarn
580 3062 709 3120 liberum
733 3061 889 3120 tuccessi-

53 3136 162 3206 rturali,
188 3139 250 3197 sive
264 3139 391 3197 liberum
405 3140 584 3216 simpliciter
594 3144 657 3200 sine
670 3142 791 3212 addito;
818 3141 889 3199 hinc

54 3227 127 3275 runt
146 3219 267 3277 nomina
290 3220 461 3294 sequentia:
490 3220 610 3281 libertas
630 3220 844 3291 indifferentius,
856 3220 891 3277 li-

63 3299 220 3356 anaturali
244 3301 426 3370 necessitate,
448 3300 569 3360 libertas
583 3294 743 3373 electionis,
770 3300 890 3358 libertas

53 3377 163 3448 idiota,
175 3391 206 3436 et
226 3402 240 3436 a
257 3381 322 3437 Van
340 3381 403 3456 Roy
418 3391 448 3438 et
462 3382 611 3459 Opstraet,
622 3383 742 3442 libertas
754 3380 889 3497 acciden-

53 3477 110 3535 1uae
123 3460 330 3517 omniaidem
322 3472 492 3536 important.

53 3539 105 3598 hac
119 3539 256 3598 libertate
270 3539 462 3619 desumptum
483 3553 528 3600 est
547 3551 679 3601 nomen‘
681 3541 787 3600 ‘liberi
812 3541 890 3599 arbi·

53 3618 152 3697 loquo
163 3620 258 3677 Νιιιιι
270 3640 331 3696 seq.

65 3699 167 3758 Omne
179 3700 380 3759 voluntarium
395 3713 494 3778 potest
507 3702 567 3761 dici
580 3704 712 3764 liborum
721 3702 886 3762 libertate
879 3724 899 3758 c

53 3780 318 3850 communali,
325 3781 379 3839 sed
388 3801 448 3840 non
455 3785 919 3864 potestdiossibemmlibertnte

384 3883 404 3921 ι’
420 3873 441 3925 2
