2152 4066
100 72 169 151 Μ
468 90 670 155 suscensus

99 242 259 305 viduarum
273 247 303 299 et
315 237 509 319 pupillorum,
520 239 617 299 Exod.
633 258 697 318 cop·
717 245 769 298 22.
790 257 820 297 v.
835 246 873 300 2³

99 318 194 385 secli.
206 340 272 401 cap.
287 327 335 381 35.
349 339 379 378 v.
396 327 441 380 18.
457 340 492 381 oc
505 339 618 381 merces
631 318 834 398 operariorum
855 318 873 378 d

99 407 165 484 Jse.
178 422 243 543 οιᾸ).
256 407 274 463 5
299 419 328 459 v.
343 407 372 460 4.

139 482 201 559 Qui
237 490 282 542 est
301 480 481 542 excaecatio?

140 565 197 628 lv.
225 564 262 623 R.
283 563 339 622 Est
359 561 496 641 pertinax
509 560 638 621 odhoesio
655 559 746 619 animi
760 559 798 618 od
813 561 873 621 mal

99 640 331 708 illuminationes
340 652 371 702 et
380 640 588 705 instructiones
596 652 656 700 tom
665 641 795 699 internas
807 645 873 721 quin

100 725 161 867 {eei
200 744 233 784 re
244 721 340 783 nolite
353 731 443 801 atque
457 722 499 781 its
512 741 543 781 se
555 731 637 782 tenet
644 721 795 800 precipue
808 743 844 781 ex
859 742 873 800 1

182 825 205 865 s.

142 884 226 961 Quid
239 891 284 942 est
293 878 471 943 obduratio?

141 967 179 1024 V.
195 964 230 1022 lt.
256 960 395 1022 Pertinax
409 961 538 1028 adhoesio
552 962 642 1023 animi
662 960 835 1032 admalum,
851 981 873 1040 q

101 1047 206 1129 gratim
218 1055 249 1104 et
261 1041 473 1123 monitionibus
486 1052 547 1101 tam
573 1043 698 1103 internis
725 1045 814 1121 quim
837 1062 873 1101 ex

102 1139 138 1189 ut
150 1146 201 1188 cor
214 1143 270 1184 neo
279 1121 419 1213 precibus
431 1142 487 1183 nec
498 1123 587 1183 minis
601 1122 776 1185 emolliatur.
819 1124 852 1183 H
856 1144 873 1181 a

103 1227 136 1268 se
148 1216 231 1268 tenet
244 1224 282 1264 ex
294 1213 379 1284 parte
393 1198 563 1263 voluntatis.

102 1435 107 1443 ,
124 1370 164 1430 N.
179 1374 246 1429 128.
287 1364 347 1427 DE
362 1363 500 1427 CAUSA
516 1363 696 1426 PECCATI
712 1364 770 1424 EX
785 1365 870 1424 PAR

372 1523 406 1586 S.
424 1525 521 1587 Thon.
537 1534 565 1586 1.
579 1536 607 1589 2.
622 1534 717 1606 quon.
733 1535 783 1599 79.

107 1694 132 1754 Ι.
146 1684 301 1752 Materiale
310 1678 421 1765 peceati
433 1648 502 1743 esld
517 1684 588 1747 Deo.
630 1685 674 1744 ll.
701 1685 786 1746 Nullo
808 1689 873 1746 mod

232 1768 291 1828 llI.
309 1764 373 1845 Quo
384 1783 467 1825 sensu
475 1772 602 1841 potentia
611 1766 748 1846 peccandi
760 1768 797 1827 sit
810 1767 828 1824 d
840 1766 873 1824 D

145 1931 207 1991 AN
222 1927 306 1987 Deus
320 1935 364 1987 est
378 1929 612 2004 eausapeocati?

145 2014 181 2071 R.
199 2011 368 2087 lnpeecato
381 2007 500 2086 proprie
511 2007 601 2080 dicto,
621 2009 682 2068 dno
701 2006 846 2085 distingui
861 2008 873 2064 ε’

102 2095 173 2154 licet
188 2098 208 2126 “
217 2086 368 2147 materiale
381 2088 523 2166 peceati,”
545 2091 626 2168 quod
640 2101 684 2148 est
697 2088 760 2165 ipse
774 2099 858 2148 actus

104 2182 125 2210 “
137 2169 261 2232 formale
274 2167 415 2248 peecati‚”
440 2167 521 2247 quod
545 2180 589 2229 est
613 2170 693 2229 illius
705 2172 788 2230 actus
801 2168 873 2226 inor<

103 2254 272 2316 dictumest
288 2252 376 2308 Num.
391 2257 440 2319 91.

142 2336 236 2404 Juxta
248 2331 325 2392 hanc
339 2328 556 2391 distinctionem
571 2330 673 2392 dieunt
684 2329 839 2405 Theologi.

142 2416 168 2477 l.
184 2413 223 2470 1⁰.
238 2411 328 2484 Quod
356 2410 534 2471 “materiale
554 2411 696 2490 peccati,”
721 2411 782 2469 sive
795 2410 860 2487 ipse

102 2499 170 2557 Deo
178 2494 352 2570 tanquami
376 2509 463 2550 causa
480 2493 595 2569 prima3
616 2492 686 2571 quia
706 2502 789 2551 aetus
802 2509 873 2568 pecc

101 2573 222 2654 aliquod
236 2573 405 2652 physicum,
420 2571 483 2630 sive
496 2572 604 2651 aliquis
617 2583 732 2632 motus:
757 2570 820 2648 jam
840 2591 873 2628 au

101 2676 154 2721 ens
166 2653 324 2735 physicum
339 2663 369 2711 et
382 2652 477 2711 omnis
495 2663 592 2712 motus
605 2653 768 2713 necessario
781 2662 851 2720 sunt
864 2654 873 2709 i

101 2755 190 2819 quum
204 2738 223 2794 d
236 2754 323 2796 causa
332 2733 429 2812 prima
442 2743 472 2791 et
484 2734 582 2811 primo
592 2745 714 2804 motore,
726 2732 827 2792 saltem
838 2753 873 2810 pe

102 2837 168 2885 sum
191 2814 378 2886 Generalem,
402 2813 493 2871 utin
516 2813 658 2874 Tractstu
686 2813 755 2872 “de
777 2814 844 2874 Deo
852 2814 868 2835 ''

100 2903 257 2985 probatum
273 2904 326 2958 est.

142 2981 323 3056 Disputatur
335 2985 444 3044 tamen,
458 2995 496 3035 an
509 2974 662 3036 materiale
675 2975 789 3056 peceati
801 2973 840 3035 sit
853 2976 869 3032 ὲ

99 3065 305 3147 primosum,
324 3075 379 3134 per
401 3056 737 3134 praedeterminationem
758 3055 873 3135 physici

100 3144 244 3210 contiones
258 3135 420 3205 Thomistoe
430 3136 545 3207 volunt,
561 3157 599 3196 on
612 3138 713 3217 potius
721 3139 833 3196 tantltm'
844 3156 873 3214 ps

100 3246 166 3290 sum
180 3218 367 3288 Generalem,
382 3216 426 3275 un
439 3219 632 3295 probavimus
657 3218 747 3276 Num.
769 3225 819 3277 45.
849 3217 873 3275 T

100 3319 120 3346 a
212 3304 228 3326 ‚2

134 3309 310 3446 IIllollicunt
324 3375 365 3436 2⁰.
380 3377 460 3456 quod
476 3378 631 3437 “formale
643 3378 786 3456 peceati,”
806 3376 868 3436 sive

98 3467 180 3529 natio
194 3461 276 3522 aetds
289 3457 374 3517 nullo
386 3459 475 3517 modo
493 3459 587 3536 possit
609 3479 672 3518 esse
695 3462 710 3517 l
725 3460 800 3527 Deo,
815 3469 845 3517 et
858 3457 873 3516 h

98 3559 152 3618 est,
164 3553 199 3605 ut
213 3544 306 3602 Num
322 3539 457 3616 sequenti
470 3538 648 3598 videbimus.

135 3632 186 3690 An
197 3621 330 3704 potentis
343 3619 487 3698 peccandi
499 3629 545 3678 est
557 3619 575 3678 d
590 3621 679 3679 Deo?

131 3708 195 3774 ΠΙ.
213 3707 249 3768 R.
266 3703 305 3764 ln
314 3700 453 3783 potentia
463 3700 613 3781 nectendi
628 3699 690 3757 duo
699 3708 830 3775 nossnnt
845 3717 873 3755 es

77 3814 180 3861 unum
192 3800 241 3852 est
251 3784 476 3869 ipsapotentia
485 3803 542 3843 sen
549 3779 680 3840 lneultss
685 3776 837 3834 nstuxol'xs
844 3794 873 3847 on

62 3873 310 3946 indifferentia,
334 3888 411 3951 qum
431 3864 519 3928 nilnl
540 3861 631 3924 aliud
651 3867 711 3925 est,
732 3858 830 3930 quam
838 3850 873 3924 ln
