2160 4072
68 83 133 152 172
443 106 664 155 ercammarus,-¹

68 250 216 330 pertineat
229 251 266 309 ad
278 249 478 311 voluntarium
502 252 690 322 indirectum,
700 306 704 312 ,
716 249 769 308 sed
783 249 823 309 sit
834 249 959 310 dir'eccuu

70 330 151 410 quod
167 342 200 390 ut
214 331 412 407 intelligatur,¹
710 358 713 367 ·
734 380 736 385 .

110 412 163 470 IV.
179 412 419 482 Observandum,
434 411 515 489 qued
529 433 564 471 ea
577 412 615 471 sit
634 411 743 470 mentis
754 421 861 470 nostrae
874 412 959 470 imbec

67 492 143 563 litas,
159 501 192 550 ut
206 505 273 551 actu
283 492 425 570 explicito
436 503 466 551 et
475 492 582 552 reflexe
593 492 642 550 hic
653 502 683 550 et
693 511 774 549 nunc
788 511 848 549 non
861 491 958 570 possim

67 572 207 650 cogitare,
229 574 285 631 nisi
300 573 362 632 fere
377 573 414 631 de
428 573 529 642 unico,
553 572 689 649 quamvis
702 574 734 631 in
747 571 810 633 illo,
824 573 911 631 unico
923 590 959 647 cot

66 663 130 712 tare
143 653 231 732 plura
244 653 362 723 reflare,
373 654 504 722 confuse,
518 665 549 712 et
561 652 706 730 implicite
717 652 850 730 cogitare
863 663 894 711 et
904 651 959 710 vide

67 735 233 811 possimus3
249 734 291 792 sic
305 734 336 791 in
350 733 487 811 exemplo
501 734 618 811 posito;
638 733 781 793 Sacerdos
792 731 887 791 aoldm
897 732 959 809 cogit

68 813 205 891 explicite
222 813 301 891 qued
316 814 388 872 velit
408 814 508 890 legere
529 815 637 884 Horas,
662 813 716 872 sed
742 812 774 871 in
802 813 855 870 illo
881 813 959 890 cogita

68 894 208 970 explicito
222 894 310 951 simul
324 893 468 972 implicite
492 894 613 970 cogitat,
629 893 710 973 qued
737 894 775 952 sit
800 893 946 962 Sacerdos,

69 973 140 1032 adae
153 975 363 1052 obligationem
375 974 483 1034 habeat
495 974 639 1033 recitandi
668 974 777 1043 Horas,
806 983 836 1031 et
860 972 959 1051 quadi

70 1053 236 1113 satisfacere
249 1055 330 1114 velit.
940 1106 943 1110 .

111 1134 188 1192 Sunt
201 1135 265 1194 haec
279 1135 400 1213 quidem
414 1145 496 1193 certo
509 1154 596 1193 sensu
610 1135 643 1193 in
656 1135 714 1194 alio
728 1133 829 1203 volita,
852 1134 955 1194 scilicet

69 1214 133 1292 ipsa
146 1215 299 1275 voluntate
312 1214 432 1294 legendi
458 1216 566 1284 Horas,
585 1215 639 1274 sed
655 1229 762 1297 'tamen
776 1234 838 1273 non
850 1213 959 1277 suntin

69 1298 149 1355 recte
164 1296 254 1355 volita
266 1306 318 1354 aut
330 1295 506 1365 voluntaria,
521 1296 662 1372 quianon
676 1292 793 1355 tantrim
805 1305 876 1354 sunt
896 1295 926 1352 in
945 1313 959 1351 a

70 1374 170 1451 volita,
196 1377 249 1436 sed
263 1379 352 1435 etiam
365 1377 397 1434 in
413 1397 453 1446 se,
468 1378 533 1435 ciam
547 1394 651 1434 revera
670 1375 720 1434 hic
733 1387 763 1434 et
776 1385 859 1435 nunc
872 1388 959 1433 movet

70 1455 155 1515 illum
172 1457 360 1516 Sacerdotem
375 1457 412 1514 ad
428 1457 526 1514 Horas
539 1456 690 1534 legendas·

78 1602 81 1607 ,
111 1538 237 1597 Talibus
261 1537 435 1595 voluntariis
461 1536 614 1614 implicitis
637 1537 699 1596 vita
723 1547 826 1595 nostra
844 1535 959 1615 plenae

72 1637 149 1694 quae,
173 1619 197 1675 si
225 1637 285 1675 non
313 1628 410 1691 essent
444 1616 554 1676 directe
589 1616 765 1686 voluntaria,
789 1616 919 1676 maxima
938 1635 959 1694 p:

71 1697 220 1756 actionum
230 1709 396 1756 nostrarum
411 1697 500 1756 laude
514 1717 548 1756 ac
558 1697 665 1756 merito
677 1706 800 1758 careret.
828 1767 832 1773 1

113 1777 196 1850 Quid
224 1777 262 1835 sit
285 1776 482 1856 judicandum
507 1776 545 1855 de
567 1798 611 1848 eo,
632 1779 684 1854 qui
698 1776 840 1853 ignorans
854 1796 916 1836 esse
929 1773 959 1832 di

22 1928 25 1933 .
72 1848 191 1928 festum,
206 1857 290 1916 audit
306 1857 437 1936 Sacrum,
452 1857 561 1916 dicitur
572 1858 671 1929 inTr.
694 1857 765 1916 “de
780 1859 873 1935 Leg.'’

106 1937 209 2011 'Quale
223 1932 422 1997 v'olunt'arium
437 1938 599 2015 requiritur
613 1937 651 1997 ad
664 1937 784 2006 malum,
813 1958 866 1997 seu
882 1948 914 1996 ut
934 1954 959 1994 ac

71 2029 169 2077 nostra
185 2019 338 2078 contrahat
350 2019 567 2095 turpitudinem
581 2018 707 2095 alicujus
723 2018 785 2075 vitii
801 2023 813 2077 i

111 2100 149 2156 V.
166 2099 198 2156 R.
217 2099 329 2157 Sufficit
350 2098 549 2156 voluntarium
574 2099 753 2156 indirectum
769 2118 819 2156 seu
834 2099 959 2176 interpre

72 2177 166 2241 tivum
177 2199 187 2247 ,·
212 2179 286 2236 ratio
311 2188 364 2248 est,
393 2178 474 2255 qued
494 2177 614 2249 malum,
630 2198 680 2236 seu
695 2190 851 2256 peccatum
865 2195 959 2237 merea

72 2257 270 2316 omnimodam
291 2258 381 2316 animi
403 2260 585 2317 aversionem
597 2283 607 2330 3
635 2259 685 2337 qui
699 2269 798 2317 autem
809 2259 921 2317 malum
933 2259 959 2316 in

71 2343 150 2398 recte
164 2337 240 2408 vult,
250 2338 327 2396 illud
339 2359 400 2396 non
414 2339 591 2409 omnimode,
606 2359 658 2397 seu
672 2340 752 2408 satis,
766 2340 846 2417 fugit
857 2349 887 2397 et
896 2357 959 2397 aver

72 2430 141 2491 tur;
154 2419 286 2496 adeo'que
301 2420 339 2477 ad
353 2420 464 2477 malum
478 2420 583 2478 sufficit
598 2420 797 2478 voluntarium
808 2419 959 2478 indirectur

112 2501 201 2568 Nota,
217 2500 299 2576 quod
314 2498 423 2558 malum
438 2500 530 2579 possit
542 2520 604 2557 esse
616 2500 725 2559 directe
742 2510 771 2558 et
785 2501 816 2557 in
831 2519 863 2557 se
877 2499 959 2557 volita

73 2581 295 2693 guamvislnon
324 2592 446 2658 propter
474 2601 505 2639 se
532 2580 571 2638 sit
598 2579 733 2683 volitum,
767 2579 959 2672 juxta'axion

106 2662 203 2717 Nemo
217 2660 373 2719 intendens
387 2661 498 2720 malum
521 2671 680 2738 operatur;
714 2680 813 2718 omnia
827 2679 908 2718 enim
920 2678 959 2736 ap]

73 2739 163 2798 timus
179 2740 234 2797 sub
248 2740 360 2812 ratione
374 2744 453 2799 boni.

113 2821 161 2878 Da
176 2840 293 2878 sensum
308 2820 397 2898 hujus
411 2821 583 2880 axiomatis:
612 2828 631 2853 “
642 2821 679 2877 ln
705 2820 790 2878 malis
814 2816 959 2879 voluntari

74 2906 94 2933 ·‘
110 2898 256 2957 directum
272 2912 301 2959 et
315 2901 492 2960 indirectum
509 2900 711 2978 aequivalent.¹

99 2979 150 3040 Β.
166 2980 275 3038 Sensus
290 2990 343 3051 est,
359 2980 440 3057 qued
455 2981 649 3058 aquivaleant
662 2981 701 3039 ad
723 2981 790 3052 hoc,
803 2977 959 3056 utaliquid

73 3069 236 3137 peccatum,
253 3061 386 3131 sednon,
403 3072 433 3119 ut
448 3063 486 3120 sit
502 3061 614 3138 aequale
627 3073 780 3139 peccatum
793 3085 802 3132 ;
817 3079 886 3118 nam
900 3070 959 3118 caetc

72 3139 194 3216 paribus
207 3138 249 3209 id,
264 3141 398 3217 quodest
409 3142 519 3200 directe
533 3141 743 3211 voluntarium,
755 3141 851 3218 majus
860 3150 960 3219 peccat

72 3230 126 3290 est,
141 3223 228 3298 quarn
242 3221 324 3297 quod
338 3218 453 3280 t'antdm
469 3222 612 3280 indirecte
640 3221 842 3280 voluntarium
871 3229 925 3289 est,
948 3237 959 3276 c

73 3301 156 3378 prius
169 3301 201 3358 in
215 3320 246 3359 se
259 3300 384 3378 placeat,
400 3322 461 3360 non
475 3302 628 3380 posterius.
943 3308 947 3318 ”

77 3460 116 3518 Ν.
141 3468 190 3530 24,
232 3450 289 3518 DE
307 3461 648 3603 REQUISQ‘E'XIISISIXRO
671 3459 953 3521 VOLUNTARIO

71 3702 95 3762 Ι,
111 3699 267 3780 Requcaita
276 3701 504 3781 prouolunlario
527 3703 557 3760 in
582 3721 679 3760 cuasu.
717 3703 761 3760 ll.
783 3698 944 3777 Exemplum

103 3778 234 3843 lanterii
248 3783 275 3842 in
291 3804 384 3844 curma
435 3786 483 3845 u.
514 3778 686 3857 Eaeruplum
708 3777 742 3832 'cu
768 3797 821 3853 quo
844 3777 915 3830 dccet
933 3796 959 3848 p

94 3861 238 3926 conditio·
285 3866 345 3928 1v.
363 3864 542 3946 Exemplum
557 3860 591 3919 in
605 3876 660 3942 quo
675 3857 748 3914 desit
774 3852 894 3908 secuudu
916 3866 959 3903 cor
