2160 4072
19 39 88 47 ——-
102 39 106 43 -

94 106 161 169 408
443 126 446 133 ·
472 118 675 163 reseratus

91 269 172 349 qudd
194 268 227 327 in
240 266 341 327 dubiis
353 270 424 345 pars
435 266 529 326 tutior
556 265 596 325 sit
608 262 759 345 eligenda,
781 264 929 343 quodque
943 266 1032 325 certius

91 348 304 417 existimamus,
315 347 479 406 tenendum
500 366 586 418 esse3
607 347 651 404 uti
674 345 779 403 ridere
805 356 855 403 est
868 364 934 423 cap.
955 365 1034 406 ratur
1052 376 1072 405 :1

94 430 252 490 Dorimus
266 435 288 463 “
307 427 347 485 de
360 426 474 485 Clerico
495 426 780 497 excommunicato,”
794 436 830 484 et
842 425 916 485 alibi
932 426 1037 486 cauden
1053 450 1072 505 fl,

134 510 200 569 Nec
213 507 293 567 valet
314 507 579 566 Probabilistarnm
604 506 760 583 responsio
771 505 953 578 dicentium,
972 507 1038 583 qud

94 589 252 650 Pontifices
265 597 356 666 agant
369 587 408 646 de
421 587 592 647 hominibus
600 585 823 656 dubitantibus,
839 586 971 664 quinon
981 586 1039 647 tei·

92 681 150 729 unt
159 669 308 747 judicium
334 667 479 726 reflexum
505 667 635 744 practica
650 677 787 726 certum:
811 686 883 725 nam
899 666 1040 727 ronuta·

92 761 189 828 agunt
201 749 240 807 de
253 748 370 807 casibus
394 747 504 819 dubiis,
525 758 556 805 et
575 747 779 824 praescribunt
807 746 962 825 regulam,
981 746 1040 825 quid

94 829 197 889 unicui
220 849 257 887 ue
269 829 302 885 in
315 827 375 887 illis
384 828 502 887 casibus
517 828 555 885 sit
568 827 716 905 agendum
729 850 737 886 r
758 826 900 904 alioquin
912 848 975 887 non
986 832 1040 905 spu

93 930 202 989 respon
226 909 232 921 '
301 918 323 977 t,
345 908 398 966 sed
422 906 596 967 debuissent
618 907 780 978 declarare,
802 908 891 985 qudd
911 908 1042 967 indubiis

94 990 220 1049 dubium
235 987 344 1066 deponi
359 988 475 1058 debeat,
496 998 526 1047 ct
550 988 615 1046 fieri
624 988 774 1067 judicium
788 989 932 1065 prudens
945 1009 980 1049 ac
991 1007 1041 1047 car·
1069 1063 1072 1069 Ι

94 1081 159 1127 tum
173 1089 228 1146 per
248 1068 395 1146 principia
407 1068 525 1127 reflexa.

134 1150 228 1210 VIII.
243 1149 390 1209 Probatur
399 1148 441 1207 4⁰.
463 1149 625 1209 aratione:
647 1148 862 1228 imprudenter
875 1162 988 1228 ageret,
1001 1153 1042 1229 qui

94 1228 159 1288 sine
183 1230 356 1289 necessitate
383 1240 514 1288 sumeret
542 1230 643 1288 cibum
669 1241 722 1288 aut
735 1240 844 1307 potum
860 1232 1042 1310 probabditar

95 1321 285 1381 venenatum,
307 1310 379 1368 licet
399 1311 488 1369 etiam
515 1309 709 1387 probabiliter
736 1328 799 1367 non
814 1311 858 1369 sit
871 1324 1042 1371 venenatus:
1066 1338 1072 1394 p

95 1408 169 1467 ergo
191 1390 399 1469 imprudenter
419 1410 541 1467 quoque
554 1387 626 1468 agit,
648 1391 700 1468 qui
713 1390 801 1467 pouit
814 1391 968 1451 actionem
984 1412 1039 1471 pro
1070 1419 1072 1437 1

96 1470 236 1531 babiliter
249 1471 402 1535 illicitam:
417 1471 496 1548 quia,
517 1470 596 1529 sicut
607 1469 803 1549 probabilitas
816 1470 853 1528 in
880 1474 976 1550 priori
987 1494 1037 1533 orsu
1060 1462 1072 1574 Ἰ

96 1570 158 1609 non
182 1552 260 1610 tollit
274 1550 442 1629 periculum
456 1551 574 1622 ueneni,
594 1551 637 1609 ita
659 1570 715 1609 nec
733 1550 767 1607 in
792 1553 957 1628 posteriori
977 1554 1036 1613 tollit

105 1631 274 1711 periculum
288 1631 397 1708 agendi
413 1641 515 1690 contra
524 1632 632 1708 legem.
1056 1677 1066 1695 .,

130 1711 249 1770 Deinde
259 1711 735 1771 noncensereturcurarealterius
743 1713 919 1785 amicitiam,
929 1714 1034 1792 quisine
1061 1736 1072 1771 ·,

93 1791 177 1869 justa
186 1791 276 1851 causl
291 1791 382 1853 vellet
394 1791 492 1851 facere
502 1793 649 1851 actionem
661 1794 864 1870 probabiliter
891 1795 938 1853 illi
952 1794 1033 1873 displi
1049 1822 1072 1901 p

97 1881 213 1937 centem
221 1892 304 1950 :ergo
318 1892 375 1931 nec
388 1873 555 1931 censendus
563 1880 610 1933 'est
620 1892 724 1931 curare
734 1874 903 1932 amicitiam
918 1876 986 1945 Dei,
997 1874 1033 1953 qui
1064 1939 1070 1952 1

96 1953 164 2012 rult
173 1974 285 2031 ponere
299 1953 445 2012 actionem
457 1954 652 2031 probabiliter
666 1953 723 2030 ipsi
737 1953 962 2031 displicentem.
1059 1994 1072 2033 a:

138 2035 195 2093 IX.
213 2034 347 2093 Tandem
361 2036 495 2104 observa,
510 2033 681 2092 damnatum
691 2051 756 2091 esse
770 2054 864 2092 usum
879 2034 1034 2112 probabilis·
1061 2072 1072 2107 :=

96 2113 138 2170 mi
161 2114 195 2171 in
208 2115 462 2173 administratione
483 2116 740 2174 sacramentorum
754 2115 787 2171 in
801 2114 861 2173 hac
874 2115 973 2192 prima
983 2136 1034 2194 pro·
1062 2154 1072 2193 ξ

96 2194 1035 2353 till&taillia?iffi'ill‘istil
1069 2220 1072 2325 j

98 2359 119 2387 ‘⁴
132 2355 319 2433 probabilem
329 2354 367 2413 de
379 2355 477 2413 valore
490 2355 681 2424 Sacramenti,
691 2354 794 2412 relicti
809 2356 928 2414 tutiore
935 2360 962 2415 :’'
976 2359 1035 2415 lon

96 2434 251 2513 injudicio
264 2436 321 2494 fori
330 2436 444 2494 externi
457 2436 490 2493 in
512 2434 713 2513 propositione
724 2437 879 2494 secundat
908 2443 930 2471 “
945 2438 1035 2497 Proba·
1067 2505 1070 2509 .

99 2523 118 2551 ‘⁶
129 2516 230 2575 biliter
243 2517 378 2575 existimo
383 2516 516 2594 judicem
529 2536 614 2593 posse
635 2515 769 2593 judicare
780 2516 872 2594 juxta
884 2517 1035 2594 opinionem

99 2601 120 2628 “
133 2597 223 2655 etiam
236 2597 331 2656 minias
341 2596 526 2675 probabilem
535 2600 563 2655 :’'
583 2617 618 2655 ac
631 2597 663 2652 in
676 2597 799 2653 materia
815 2596 891 2655 fidei
901 2598 935 2654 in
948 2616 1036 2675 propo
1063 2600 1072 2671 i:

98 2675 204 2734 sitione
219 2688 341 2754 quarta:
364 2678 444 2735 “Ab
459 2676 632 2736 infidelitate
643 2677 835 2735 excusabitur
850 2676 980 2736 infidelis
992 2694 1038 2735 non

100 2763 120 2788 “
135 2757 268 2824 credens,
290 2758 398 2816 ductus
412 2757 553 2834 opinione
566 2758 660 2815 minius
674 2757 853 2832 probabili.'’

140 2836 173 2894 Si
186 2856 247 2895 non
259 2839 346 2897 liceat
362 2838 445 2914 sequi
454 2838 624 2914 opinionem
638 2836 822 2914 probabilem
835 2837 871 2895 in
882 2837 1038 2898 Sacramen-

98 2916 137 2975 tis
146 2917 343 2988 conferendis,
358 2919 390 2975 in
399 2916 514 2995 judicio
537 2917 597 2977 sori
607 2917 722 2975 externi
735 2917 808 2975 etin
820 2920 950 2979 materia
962 2918 1039 2987 fidei3
1066 2912 1072 2999 l

100 3017 171 3075 ergo
185 3017 240 3055 nec
254 2998 283 3054 id
300 2998 369 3056 licet
382 2999 412 3056 in
428 2997 492 3055 aliis
506 2996 656 3067 materiis,
671 2995 738 3055 ciun
753 2998 791 3055 sit
806 2998 915 3058 eadem
929 3000 1003 3058 ratio
1013 2997 1040 3055 de
1070 3036 1072 3041 ‚

99 3080 254 3136 omnibus:
275 3088 304 3136 et
317 3078 387 3139 ideo
411 3079 626 3148 Probabilistae,
648 3077 701 3155 qui
715 3087 784 3135 ante
796 3076 908 3138 harum
919 3078 1039 3159 proposi·

99 3158 214 3218 tionum
226 3159 444 3217 damnationem
459 3159 649 3236 scripserunt,
661 3158 749 3215 etiam
761 3156 881 3217 licitum
891 3180 983 3219 usum
991 3158 1041 3237 opi·

100 3240 197 3298 nionis
210 3238 374 3317 probabilis
395 3239 426 3297 in
450 3239 496 3297 his
523 3239 653 3298 materiis
666 3237 846 3311 docueruut,
859 3251 895 3299 ut
909 3241 1041 3307 Sancber,

100 3318 209 3388 Diana,
222 3319 410 3389 Escobarius,
426 3320 591 3388 caramuel,
609 3322 662 3378 &c
739 3360 742 3367 ι

142 3401 278 3459 Observa
300 3401 434 3477 insuper,
444 3400 523 3476 qudd
547 3401 579 3457 in
593 3400 681 3458 tertia
694 3400 901 3478 propositione
914 3404 954 3462 ab
967 3403 1042 3460 Inno-

101 3480 197 3539 centio
213 3482 268 3539 XI.
284 3481 450 3557 proscripta
460 3481 528 3539 etin
538 3480 596 3538 fine
610 3482 700 3538 Num.
717 3481 785 3540 186.
800 3482 906 3553 relata,-
919 3499 1043 3542 eversum

101 3561 139 3619 sit
165 3560 428 3620 Probabilistarum
453 3561 690 3629 fundamentum,
715 3562 781 3619 ciam
808 3583 849 3621 ex-
877 3584 913 3622 ea
934 3572 1037 3623 constet

100 3641 181 3718 quod
191 3661 315 3721 operans
325 3661 362 3700 ex
371 3642 589 3721 probabilitate,
603 3660 666 3701 non
676 3660 778 3722 sempe
787 3645 853 3722 agit
863 3646 1030 3724 prudenter.
