2152 4066
121 73 184 141 116
500 94 700 139 'caicamus

115 256 134 280 “
150 247 240 322 quim
252 243 387 304 cumillis
395 265 405 314 ;
431 241 511 320 quod
525 241 685 321 exponitur
698 241 737 301 de
750 243 836 302 bonis
848 243 986 320 Angelis,
1010 251 1062 324 qui

117 327 204 385 nobis
214 324 404 393 auxiliantur,
419 335 450 383 et
464 322 502 380 de
516 323 611 392 malis,
624 324 676 400 qui
690 324 777 382 nobis
788 325 995 388 adversantur.

115 451 123 459 .
155 408 192 464 V.
215 408 283 466 Art.
307 416 338 477 9.
349 404 397 464 ad.
411 411 440 464 8.
453 403 647 482 probabiliter
660 404 747 463 docet
762 406 793 463 S.
809 405 914 465 Thom.
935 427 972 464 ex
987 429 1063 486 quo.

118 492 192 549 libet
219 485 323 544 ordine
344 484 530 563 Angelorum
555 483 700 560 quosdam
722 484 884 546 cecidisse:
913 487 985 564 quia
1000 489 1062 549 doe·

118 587 219 628 mones
246 567 277 624 in
308 565 462 644 scripturi
488 575 633 622 vocantur
661 564 833 638 Cherubim,
860 566 1061 647 Principatus,

121 646 516 716 Virtutes,P0testotes,etc.
685 644 688 651 '

159 729 213 786 Vl.
229 727 388 786 Existimat
402 728 431 785 S.
444 725 551 784 Thom.
566 736 669 803 quaest.
688 734 754 786 108.
768 736 821 785 art.
835 734 860 786 8.
874 727 954 805 qubd
963 728 1060 788 bomi-

118 829 171 869 nes
184 808 264 866 beati
279 827 338 866 non
349 806 529 865 constituant
553 805 727 864 distinctum
742 807 885 865 ordinem
906 809 953 866 vel
968 810 1061 867 socie-

118 901 210 951 tatem
224 890 262 947 ab
277 887 412 965 Angelis,
438 886 489 944 sed
511 898 699 944 assumantur
721 886 760 944 ad
780 887 909 965 aliquem
924 890 1060 951 ordinem

119 969 304 1047 Angelorum
315 965 477 1027 secundrim
489 966 708 1026 distinctionem
728 968 921 1042 meritorumg
944 981 974 1029 et
989 970 1056 1032 binc

118 1055 194 1110 sorte
210 1049 320 1108 dicitur
336 1049 427 1107 Lucae
439 1067 503 1126 cap.
517 1055 566 1106 20.
582 1065 610 1106 v.
627 1046 675 1106 36.
690 1042 857 1107 debeatis:
885 1049 1054 1128 “AEquales

123 1130 250 1209 Angelis
263 1131 359 1188 sunt.”
688 1164 691 1169 -

161 1212 274 1269 Verum
284 1221 383 1269 tamen
395 1209 489 1267 Beata
501 1205 597 1289 Virgo
616 1208 712 1267 Maria
733 1216 754 1246 ‘⁸
768 1208 896 1268 exaltata
909 1222 955 1270 est
969 1232 1052 1291 super

122 1303 140 1327 ‘·
156 1292 269 1352 Choros
283 1287 497 1367 Angelorum,”
514 1297 545 1345 ut
559 1288 640 1346 canit
655 1289 797 1351 Ecclesia.

139 1473 175 1549 N.
199 1479 246 1532 83.
299 1470 357 1529 DE
380 1465 964 1609 DAEMofflHpAlOQBSTINATIONE
990 1472 1033 1529 IN

427 1728 460 1787 S.
479 1726 577 1787 Thom.
592 1737 688 1807 quest.
703 1724 751 1793 64.

121 1898 144 1955 Ι.
163 1890 346 1971 Quadruplex
359 1906 442 1966 poeno
456 1887 618 1947 demonum.
671 1891 713 1949 ll.
744 1889 880 1951 Voluntas
895 1888 1050 1951 *daemonum

157 1974 359 2112 pigrpplggpota
384 1967 413 2025 ia
438 1968 517 2026 mulo.
562 1968 624 2029 Ill.
645 1968 794 2029 Doemonrr
808 1968 1052 2047 iaoperepccmut

113 2218 121 2226 '
158 2216 182 2273 l.
197 2209 492 2287 QUADRUP-LEX
506 2230 595 2289 poena
615 2199 715 2271 secuta
726 2213 1056 2289 est-peccatumuAngcr-

118 2298 236 2353 lorum:
261 2292 367 2371 prima,
381 2301 427 2351 est
446 2290 554 2350 mentis
573 2290 736 2371 excaecatio
758 2290 857 2371 quoad
879 2303 1055 2369 supernatu-

115 2376 205 2435 ralia:
237 2372 376 2443 secunda‚
403 2371 563 2431 obstinatio
591 2371 750 2431 voluntatis
775 2372 806 2430 in
830 2370 926 2447 malo:
961 2373 1056 2443 tertia,

119 2455 251 2515 excluiio
264 2453 282 2512 xl
295 2453 390 2531 glorii
402 2475 411 2522 ;
433 2462 463 2511 et
476 2464 590 2529 quarta,
604 2448 784 2511 tormentum
799 2446 886 2528 ig'uis.

160 2535 203 2593 ΙΙ.
219 2534 280 2594 Hic
289 2533 379 2593 solim
391 2533 490 2608 agitur
501 2532 538 2590 de
547 2532 746 2591 obstinatione
758 2531 918 2590 voluntatis
927 2530 960 2587 in
970 2531 1059 2589 malo.

113 2619 165 2676 De
178 2620 267 2697 prena
283 2613 383 2683 damni
394 2624 424 2671 et
436 2611 525 2688 ignia,
540 2612 610 2671 vide
624 2612 665 2674 N.
680 2621 727 2693 loJ.
742 2623 773 2671 et
790 2621 834 2679 17.
850 2610 916 2669 “de
931 2623 1061 2690 quatuor

113 2707 139 2773 ῤ’
155 2694 360 2756 Νούἱεείωἰε.”
1050 2736 1053 2741 .

159 2777 356 2847 Anxxoluntus
367 2773 536 2833 doemonum
547 2785 592 2833 est
601 2772 749 2833 obstinata
761 2772 794 2831 in
808 2770 908 2831 malo?

159 2860 194 2917 ll.
209 2860 294 2917 Cum.
320 2854 349 2913 S.
372 2854 480 2939 thom.
504 2864 557 2912 art.
573 2864 625 2927 23
647 2856 770 2913 Certum
783 2873 846 2913 esse
859 2851 898 2911 de
912 2844 985 2921 fide,
1000 2851 1060 2911 daz·

118 2959 220 2999 mones
228 2938 270 2996 ita
283 2935 446 2994 obstinatos
456 2954 519 2993 esse
530 2934 560 2991 in
571 2934 658 3004 malo,
670 2946 705 2992 ut
714 2953 771 2993 nec
779 2933 818 2993 ad
827 2934 942 2991 bonum
950 2932 1057 3003 redire,

116 3040 172 3080 nec
187 3022 201 3077 i
215 3016 327 3077 malitia
340 3015 394 3073 sub
408 3015 540 3073 converti
551 3014 676 3092 possint
842 3080 845 3085 ,
863 3068 866 3073 .

160 3097 300 3165 Provenit
313 3096 365 3154 illa
378 3094 546 3164 obstinatio,
561 3106 624 3153 tum
639 3115 676 3153 ex
698 3105 784 3173 parte
805 3092 862 3151 Dei
883 3086 1055 3173 denegantis

119 3182 255 3262 gratiam,
270 3190 334 3236 tum
349 3198 386 3235 ex
399 3186 483 3253 parte
501 3174 664 3234 voluntatis
684 3170 852 3235 dromonum
865 3172 1054 3233 immobiliter

114 3262 196 3322 'malo
210 3258 397 3323 adhaerentis.
920 3308 924 3313 .

159 3347 208 3402 An
220 3341 368 3399 daemones
382 3356 440 3395 non
456 3334 571 3396 faciunt
584 3332 675 3415 opera
688 3333 839 3395 moraliter
851 3336 957 3413 bona?

116 3426 120 3433 '
160 3424 220 3481 lll.
247 3422 281 3479 R.
311 3417 476 3496 Negatix·b;
499 3416 570 3495 quia
596 3416 695 3474 omnia
721 3412 914 3493 opera,'quae
936 3414 1053 3493 proprii¹

118 3507 270 3563 voluntate
283 3501 407 3568 faciunt,
418 3511 512 3574 agunt
524 3518 558 3557 ex
571 3497 629 3555 fine
638 3496 793 3574 superbiae,
806 3496 907 3573 sicque
922 3494 1055 3555 inliciun-

118 3600 178 3653 tur,
194 3595 223 3642 et
237 3581 313 3639 fiunt
326 3578 488 3659 mortaliter
508 3576 595 3648 mala,
617 3589 651 3637 ut
675 3572 761 3635 ‹lo'cet
786 3572 816 3635 S.
842 3576 952 3634 Thom.
964 3568 969 3575 ’
982 3582 1010 3634 l.
1028 3584 1055 3635 ἰ.

115 3664 222 3744 'quaest
239 3668 286 3730 89.
302 3674 356 3720 art.
369 3668 395 3717 4.
411 3658 444 3715 in
461 3656 544 3734 Cor-p.
568 3656 649 3716 unde
669 3656 740 3715 dum
764 3676 867 3733 verum
891 3654 1008 3737 dicunt,
1027 3666 1057 3715 et

115 3744 289 3821 ,hominibus
303 3748 446 3820 praestant
464 3736 608 3797 beneficia
622 3737 755 3797 sanitatis
768 3746 821 3795 aut
839 3735 910 3819 alia,
932 3746 1057 3815 peccant

20 3888 26 3907 ι
110 3825 281 3886 mortaliter
288 3846 300 3897 ,·
323 3820 393 3903 quia
416 3818 467 3880 illa
490 3828 692 3899 praestanter
707 3816 766 3901 line
778 3814 942 3901 mortaliter
957 3816 1058 3897 malo:
