2160 4072
318 168 321 172 A
393 119 438 161 na
461 118 538 162 nno.
914 98 963 162 ·11

33 258 124 340 primo
134 260 261 322 instanti
270 262 388 322 morali:
398 262 475 323 ratio
482 272 538 332 est,
548 263 628 342 quod
641 265 724 323 Deus
733 284 789 342 pcr
799 264 968 323 discursum

32 340 107 401 nosci
117 341 237 413 debeat,
259 363 321 420 quo
334 362 372 402 ex
382 343 553 420 cognitione
563 344 654 403 nnius
664 343 838 420 proceditur
850 344 883 402 in
896 364 968 425 cog-

33 421 171 481 nitionem
183 422 317 495 alterius,
339 424 420 501 quod
432 424 522 484 unico
535 425 657 483 instanti
671 424 735 483 fieri
748 442 809 483 non
818 434 926 503 potest.
945 456 954 466 -·

10 520 13 587 ᾗ
67 501 117 562 Ad
143 503 332 581 Scripturam
347 516 378 562 et
392 505 495 563 Patres
516 504 593 575 dico,
607 505 683 564 illos·
697 524 786 584 agere
810 504 848 562 de
865 506 969 584 primo

10 606 13 725 j
33 580 158 653 immiti,
179 603 242 641 non
259 583 394 661 physico,
416 583 469 642 sed
483 584 597 643 morali.

66 662 116 721 Ad
129 664 365 741 propositionem
382 667 449 723 vcrd
463 665 643 735 damnatam,
664 664 745 725 illam
766 665 871 724 meriti)
886 663 969 723 dam·

33 753 127 801 natam
142 763 209 802 esse
220 756 344 823 propter
358 744 421 803 haec
435 745 510 803 tria:
527 745 636 822 primii,
653 765 694 822 qu
714 746 805 823 dpro
819 756 883 803 toto
893 755 970 804 tem-

33 842 99 901 pore
113 824 196 893 vitae,
209 823 270 882 tale
282 835 439 904 peccatum
453 825 696 903 philosophicum
709 825 900 886 admitteret:
924 845 969 883 se-

34 903 136 973 undu,
162 903 244 981 qudd
257 906 345 963 etiam
358 905 418 965 tale
430 915 586 983 peccatum
602 906 774 967 admitteret
787 906 819 963 in
834 925 878 974 eo,
916 905 970 983 qui

35 981 67 1042 de
88 985 157 1043 Deo
177 995 247 1043 actu
268 1004 328 1043 non
351 986 480 1063 cogitat:
503 1005 537 1046 ac
550 986 672 1045 tandem
692 987 790 1054 tertii,
813 985 894 1064 quid
908 1006 971 1045 non

34 1061 229 1141 distingueret
237 1064 316 1125 inter
326 1066 702 1143 ignorantiamvincibilem
713 1077 744 1125 et
752 1064 970 1138 invincibilem3
1008 1084 1011 1088 ’

35 1161 97 1221 quae
110 1144 220 1214 omnia,
240 1145 272 1203 in
284 1148 429 1205 sententia
439 1146 570 1216 illorum,
586 1147 638 1224 qui
652 1147 817 1206 admittunt
830 1146 970 1224 ignoran-

34 1223 101 1282 mm
125 1223 186 1283 Dei
207 1225 407 1285 invincibilem
432 1246 488 1304 pro
505 1227 605 1305 primo
629 1227 751 1287 instanti
764 1226 890 1305 physico
903 1225 972 1286 ustis

34 1303 165 1376 rationis,
185 1304 343 1365 falsissima
356 1317 436 1367 sunt.

73 1384 162 1454 Nota,
180 1386 261 1462 qubd
280 1386 350 1446 licet
360 1387 449 1465 juxta
459 1386 540 1446 dicta
552 1405 609 1464 pro
622 1387 720 1466 primo
740 1386 864 1446 instanti
884 1386 971 1464 igno-

37 1464 126 1523 rantia
148 1465 210 1523 Dei
228 1466 410 1527 invincibilis
438 1465 634 1555 probabiliter
666 1466 783 1527 admitti
813 1468 916 1544 possit,
940 1467 973 1541 id

38 1554 132 1602 tamen
145 1564 206 1602 non
221 1547 278 1604 nisi
292 1548 324 1605 in
334 1568 403 1606 casu
414 1547 499 1606 valdd
510 1546 744 1607 extraordinario
754 1547 853 1606 locum
862 1547 972 1606 habere

40 1635 142 1701 queat3
157 1644 226 1684 nam
240 1627 417 1704 regulariter
425 1629 512 1706 pueri
524 1639 593 1689 ante
602 1629 728 1707 plenum
739 1648 825 1687 usum
840 1628 971 1696 rationis,

10 1768 12 1777 ¹
40 1723 72 1762 ex
93 1707 246 1777 creaturis,
274 1708 480 1779 instructione,
516 1709 570 1767 &n
588 1709 652 1788 jam
675 1708 882 1786 imperfectum
911 1709 971 1766 Dei

10 1788 13 1875 l
39 1785 168 1844 notitiam
193 1785 315 1858 habent,
349 1789 392 1848 ita
417 1799 452 1846 ut
478 1787 577 1867 primo
603 1789 726 1849 instanti
750 1788 878 1870 perfecti
902 1785 972 1847 ustis

10 1906 12 1937 ÷
39 1866 162 1938 rationis,
185 1868 286 1929 Deum
300 1888 373 1941 esse,
394 1869 506 1931 inferre
519 1869 645 1949 possint.

255 2052 295 2115 N.
311 2058 338 2117 7.
360 2050 639 2144 naumann
662 2051 751 2111 nai

332 2210 364 2268 S.
390 2210 486 2270 Tium.
506 2218 603 2292 qrcoeat.
626 2219 671 2271 11.

94 2317 118 2366 1.
139 2308 195 2367 Est
208 2317 316 2367 tantum
329 2331 403 2368 unus
416 2310 506 2370 Deus.
539 2312 582 2370 Il.
605 2312 750 2370 Probatur
762 2311 781 2367 d
796 2306 912 2366 ratione.

76 2406 100 2468 l.
123 2409 224 2466 ESSE
240 2427 334 2466 unum
344 2409 439 2468 solum
450 2411 550 2469 Deum
563 2421 677 2470 constat
691 2420 721 2468 et
736 2411 827 2470 Deut.
849 2430 913 2488 cap.
923 2418 972 2470 32·

41 2506 65 2548 v.
73 2496 121 2559 39.
146 2495 168 2522 “
179 2488 299 2559 Videte,
311 2490 392 2567 quiid
406 2510 462 2566 ego
474 2492 528 2548 sim
540 2491 629 2561 solus,
641 2501 671 2549 et
684 2510 745 2548 non
756 2489 794 2547 sit
803 2490 878 2547 alius
889 2484 987 2548 Deus⁴

40 2580 139 2645 praeter
153 2572 229 2627 me.’'
241 2589 278 2628 ex
293 2576 319 2626 1.
335 2570 374 2629 ad
388 2570 455 2628 Cor.
467 2591 530 2649 cap.
546 2579 573 2631 8.
589 2591 617 2629 v.
633 2580 660 2629 4.
672 2593 681 2641 ;
692 2571 818 2646 aliisque
832 2568 912 2627 locis.

74 2648 116 2706 11.
140 2649 225 2708 Idem
240 2649 329 2707 ctiam
338 2650 484 2729 probatur
494 2652 512 2711 d
522 2652 637 2712 ratione
650 2651 707 2708 hoc
721 2648 810 2708 modo
821 2672 829 2708 a
842 2649 867 2707 si
875 2657 975 2708 essent

38 2727 135 2807 plures
146 2728 350 2800 Dii,velunus
362 2741 436 2790 esset
445 2731 698 2810 alterisubjectus,
708 2729 757 2789 vel
769 2750 838 2789 non:
852 2729 973 2807 siprius,

39 2818 106 2867 tunc
118 2808 172 2867 ille
185 2811 238 2887 qui
249 2809 334 2871 alteri
348 2821 424 2869 esset
438 2811 600 2890 subjectus,
615 2831 674 2868 non
688 2820 765 2869 essct
776 2812 880 2881 Deus;
907 2807 975 2868 crim

38 2904 88 2967 ptr
102 2891 205 2950 Deum
219 2888 421 2967 intelligamus
432 2912 484 2949 eus
494 2892 762 2970 perfectissimum:
777 2891 801 2947 si
815 2889 974 2967 posterius,

38 2979 140 3029 neuter
154 2981 233 3029 esset
247 2972 331 3030 Deus
339 2995 349 3041 ;
365 2973 435 3048 quia
449 2971 587 3031 different
600 2974 638 3030 ab
652 2971 779 3030 invicem
790 2991 845 3047 per
860 2968 976 3047 aliquid
1061 2966 1064 2971 ’

38 3048 92 3108 sibi
103 3051 273 3129 proprium,
288 3052 370 3127 quod
382 3053 545 3110 necessarii>
558 3053 648 3110 debet
661 3072 723 3110 esse
737 3050 890 3129 perfectio,
904 3069 972 3126 quae

10 3176 12 3181 .
38 3129 78 3189 sic
90 3132 144 3189 uni
160 3141 351 3208 competeret,
365 3142 400 3190 ut
409 3132 493 3192 alteri
505 3132 619 3191 deesset
626 3157 636 3204 ;
651 3130 776 3209 proinde
789 3141 894 3188 neuter
904 3148 971 3207 per·

37 3208 216 3271 temnimus
238 3212 326 3281 foret,
347 3213 480 3291 adedque
493 3233 549 3272 nec
569 3214 671 3273 Densa
687 3212 764 3270 unde
781 3212 887 3268 merito
902 3227 974 3267 con-

38 3288 131 3351 cludit
145 3292 176 3351 S.
190 3291 394 3353 Athanasius:
417 3293 612 3351 “Multitudo
625 3293 781 3352 numinum
792 3290 914 3348 nullitas
928 3297 975 3348 est

40 3370 173 3433 Deorum
181 3395 191 3443 3
200 3373 218 3393 ”
230 3371 288 3431 alia
301 3383 477 3450 argumenta
491 3373 560 3431 vide
573 3373 654 3451 apud
668 3372 826 3433 Authores.

77 3451 150 3530 obj.
174 3453 198 3511 l.
230 3455 451 3529 Argumentum
480 3453 601 3512 videtur
624 3455 712 3512 nimis
736 3453 862 3530 probare
874 3473 883 3521 ;
905 3448 977 3526 quia

42 3530 159 3592 ridetur
170 3533 260 3593 etiam
271 3532 374 3593 tollere
385 3533 585 3614 pluralitatem
596 3553 787 3612 personarum
797 3532 828 3589 in
840 3530 960 3588 Divinis
966 3553 976 3602 ;

141 3622 199 3672 etc.

45 3630 119 3752 “glis
130 3695 221 3771 Nego
238 3705 298 3753 ant.
313 3705 343 3752 et
353 3695 580 3771 probationemc
608 3696 687 3759 ratio
708 3706 766 3770 est,
788 3692 876 3776 quud
885 3690 999 3771 plures

47 3770 334 3831 PersonaeinDivinis
342 3774 475 3838 babeant
483 3780 813 3854 eamdemessentiam,
821 3771 1019 3861 potentiam,
