2160 4072
88 107 155 177 ³66
468 126 670 173 cucusam

132 275 353 336 Verirmtamem
365 273 479 352 regule
493 272 632 352 aliquast
647 270 921 351 Theologispmim
949 303 988 374 »Ἰ
1013 270 1067 331 [ι’

91 357 158 416 nari
171 355 276 428 solent,
289 374 327 415 ex
350 356 459 436 quibus
472 354 649 433 plerumque
663 352 802 433 dignosci
813 363 917 433 potest,
934 382 952 400 =‹
970 383 977 394 ι
1038 351 1075 406 ob

93 437 153 496 aiut
165 446 287 516 peccata
307 455 345 495 ex
367 455 477 514 genere
491 455 556 505 suo,
568 432 708 493 mortalia
719 452 760 493 an
773 432 904 493 ven‘nlia.
941 441 961 482 :=
1017 431 1077 487 lll’

90 527 154 576 aert
166 517 298 597 assignat
311 517 364 576 has
378 526 521 594 qrmtnor:
937 514 961 523 ““
1020 518 1048 566 1··“-
1077 516 1080 557 ³

100 626 103 631 ·
134 597 159 655 Ι.
172 597 495 657 Primarlesumiturex
508 592 985 673 ScrpturaSacrmluan.
1017 590 1080 647 Γ

92 688 248 757 peccatum
258 676 380 754 aliquod
390 645 994 754 gravibusallicitappellationibuajuffl
1021 669 1053 727 tl.
1075 672 1080 714 ἲ

93 756 166 817 dum
181 768 226 816 est
238 757 372 826 mortale,
387 777 416 814 v.
430 777 459 833 g.
475 758 500 815 si
519 755 596 814 illud
617 765 704 815 vocet
726 753 834 825 scelus,
860 752 972 832 neq‘UuT

93 837 290 916 miquitatem‚
300 836 559 907 abominationem,
574 835 623 895 vel
632 835 785 895 dieatease
795 834 918 915 ffifflum
931 862 958 884 »o
979 863 980 866 ¹
1039 833 1072 885 1⁵

94 937 218 977 exosum
240 916 316 988 Deo,
339 916 499 976 excludere
517 915 537 974 i
561 917 666 994 Regno
678 915 840 986 Coelorum,
863 910 986 974 clamne·

95 997 221 1066 Coelum,
237 996 262 1054 si
276 996 303 1055 ei
321 1008 487 1075 apponatur
514 1000 616 1067 “voe,”
638 1006 692 1055 etc.
714 1000 730 1056 ὲ
754 1005 861 1055 contra
879 1015 982 1072 pen*m

94 1077 207 1137 autum
215 1088 371 1154 reputatur
381 1077 504 1148 veniale,
515 1076 588 1135 dum
600 1076 754 1154 Scriptura
763 1075 929 1135 mitioribus
940 1103 941 1109 ι
955 1112 962 1121 -
979 1103 987 1121 ι

94 1155 199 1226 utitur,
214 1167 248 1216 ut
260 1157 285 1215 si
309 1168 411 1217 utatur
425 1157 544 1215 nomine
562 1156 694 1227 festucae,
721 1156 852 1236 stipulae,
869 1154 947 1225 foeni,
972 1185 985 1201 -ι
1037 1134 1079 1197 ΜΟ

94 1236 142 1295 rel
157 1237 261 1296 leviori
271 1239 456 1316 correptione
463 1235 653 1315 perstringat,
666 1247 701 1296 ut
715 1238 803 1296 Prov.
813 1254 879 1315 cap.
892 1241 934 1295 10.
942 1254 966 1293 ι.
973 1240 1005 1305 19.

94 1318 164 1377 “ln
177 1318 369 1395 multiloquio
380 1337 441 1376 nou
464 1318 560 1376 deerit
581 1328 737 1396 peccatum
744 1320 774 1391 3⁹⁸
801 1326 833 1376 et
848 1314 951 1375 Mauo
960 1332 1008 1393 cap·

96 1404 144 1457 12.
159 1419 189 1465 v,
204 1398 254 1458 36.
294 1406 315 1432 “
326 1399 426 1458 Omne
438 1398 565 1456 verbum
577 1397 714 1465 otiosum,
728 1394 1010 1475 quodlocutiiuerinl
1046 1372 1075 1441 Q

94 1483 117 1511 “
129 1478 274 1548 homines,
288 1479 416 1538 reddent
424 1479 568 1538 rationem
580 1477 617 1536 de
627 1497 664 1535 eo
673 1478 706 1535 in
720 1478 770 1536 die
779 1476 916 1557 judicii?
1052 1452 1077 1509 Ῑ·

101 1592 105 1599 ·
136 1558 179 1617 ll.
195 1558 332 1618 Secunda
346 1569 390 1617 est
402 1559 532 1627 traditio,
547 1578 614 1636 que
628 1559 819 1636 cognoscitur
837 1576 878 1616 ex
890 1554 1011 1615 Conulit·
1034 1575 1080 1660 ΙΙ

95 1718 280 1780 Doctorum:
306 1730 406 1778 tamen
433 1721 512 1779 circa
537 1717 673 1796 antiquus
699 1720 803 1778 Patres
836 1728 869 1776 et
893 1718 1014 1777 Doctum
1068 1698 1080 1746 ⁸

95 1800 180 1856 caute
203 1810 248 1857 est
261 1799 486 1871 attendendum,
500 1799 568 1877 quis
582 1797 672 1858 fuerit
683 1799 790 1858 modus
810 1796 955 1876 loquendi
964 1794 1016 1855 illo·

96 1897 173 1946 rum,
198 1890 228 1938 et
242 1900 307 1957 qua
328 1879 486 1957 disciplina
499 1881 623 1939 istorum
643 1889 830 1957 temporum:
846 1879 892 1937 sic
904 1897 932 1935 ι.
944 1894 1017 1955 μ·
1046 1901 1051 1906 ·’

94 1657 163 1696 rum
183 1648 213 1696 et
227 1637 408 1699 Pontificum.
429 1638 641 1709 decisionibus,
661 1658 750 1698 sensu
775 1639 834 1698 SS.
861 1638 1013 1697 Patrensi
1035 1665 1080 1970 ς

96 1957 194 2018 cunda
216 1961 412 2031 matrimonia,
440 1982 508 2038 quae
528 1959 676 2037 quandam
695 1959 789 2018 solim
803 1980 870 2036 prae
892 1958 1018 2016 seierum
1046 1991 1080 2044 1

95 2038 301 2109 indecentiam,
316 2040 419 2120 primis
441 2041 579 2101 Ecclesiae
594 2039 707 2098 saeculis
728 2039 912 2117 quandoque
933 2046 1020 2096 ronta
1049 2069 1080 2130 ι

97 2128 165 2177 sunt
179 2121 312 2189 crimina,
336 2142 382 2180 res
409 2122 555 2189 bestiales,
580 2132 635 2179 etc.
658 2120 727 2178 hinc
740 2118 829 2177 etiam
855 2116 1021 2198 poeuitcutioe
1064 2127 1080 2148 ²¹

94 2199 224 2275 publicae
238 2221 291 2277 per
316 2205 450 2261 Canones
462 2201 678 2279 poenitentiales
690 2218 750 2257 non
762 2219 884 2278 semper
896 2200 1019 2258 deceme·
1062 2230 1066 2235 ·

94 2280 204 2338 bantur
212 2281 371 2339 secundlim
383 2283 571 2341 intrinsecam
581 2291 768 2359 peccatorum
782 2279 969 2356 gravitatem,
978 2275 1020 2337 sed

95 2378 151 2436 pro
180 2360 287 2417 minori
301 2375 422 2438 peccato
447 2363 565 2440 gravior
579 2360 757 2438 quandoque
779 2360 958 2437 poenitentia
978 2360 1021 2417 in·

96 2440 261 2516 ponebatur
269 2464 278 2511 3
296 2442 352 2500 imo
366 2443 424 2501 hoc
437 2443 534 2520 ipsum
547 2445 670 2500 verbum
694 2449 714 2474 “
725 2440 883 2511 mortale,'’
897 2441 938 2498 ait
949 2442 1022 2518 stey-
1075 2470 1079 2475 ·

96 2532 170 2589 cert,
184 2541 300 2599 semper
321 2522 457 2600 designat
470 2522 551 2600 apud
572 2531 685 2579 veteres
697 2530 856 2599 peccatum
871 2520 1024 2580 excludens

96 2599 114 2658 d
130 2601 234 2680 Regno
246 2601 403 2661 Coelorum.
1072 2602 1077 2607 ¹

138 2681 196 2739 lll.
214 2683 315 2740 Tertia
326 2683 430 2760 regula
438 2694 482 2743 est
493 2704 595 2742 sensus
603 2683 761 2741 modernus
770 2681 940 2739 communis
949 2679 1024 2758 Epis·

96 2777 247 2836 coporum‚
263 2764 467 2839 superiorum,
479 2784 513 2822 ac
529 2765 692 2822 Doctorum
707 2781 758 2820 seu
773 2761 1027 2829 Scholasticorun,

93 2838 165 2896 item
178 2843 279 2916 praxis
292 2842 423 2901 fidelium
437 2846 651 2911 timoratorum,
666 2842 723 2912 cui,
748 2851 783 2899 ut
807 2841 937 2900 reflectit
950 2842 1025 2919 stey-

94 2926 166 2987 aert,
176 2939 255 2998 saepe
267 2921 480 2989 inhaerendum,
491 2935 554 2984 esto
564 2923 639 2981 ratio
651 2932 712 2980 tam
725 2923 887 2999 perspicua
900 2940 961 2980 non
973 2918 1026 2979 sus·

94 2999 248 3078 fragatur;
261 3003 338 3060 bona
352 3024 434 3062 mens
448 3005 527 3061 enim
542 3004 633 3062 multo
643 3003 749 3060 rectilis
763 3001 801 3060 de
816 3003 901 3062 hisce
910 3001 1025 3082 judica,

97 3083 184 3158 quim
197 3082 405 3159 metaphysica
415 3084 552 3143 rationes.
952 3080 956 3085 ’

102 3176 106 3185 ’
137 3163 184 3219 E'x
195 3160 366 3239 hacregula
380 3167 458 3222 recte
470 3164 816 3240 conclud-iturpraecepta
827 3161 1027 3222 Ecclesiastica
1069 3164 1076 3173 ''

92 3240 259 3319 jejunandi,
270 3243 409 3302 audiendi
428 3244 560 3315 Missam,
575 3256 605 3303 et
613 3243 719 3302 similia
728 3242 864 3321 obligare
873 3244 932 3303 sub
942 3241 1026 3322 gravis
1068 3262 1071 3269 ·

94 3321 150 3379 alia
164 3322 252 3380 etiam
266 3324 360 3381 multa
384 3323 463 3400 leges
486 3324 630 3382 humanas
651 3324 858 3383 concernentia
873 3322 1026 3383 secundum
1064 3344 1074 3369 υ

93 3400 170 3460 hanc
181 3403 312 3479 regulam
321 3404 376 3461 rite
387 3404 584 3463 resolvuntur.
606 3405 736 3463 Maxime
747 3400 1027 3482 tamenpraecatci·
1063 3410 1074 3464 l

95 3483 207 3540 attendi
219 3483 268 3540 hic
282 3484 391 3543 debent
405 3485 589 3543 definitiones
604 3485 793 3542 Summorum
809 3485 992 3544 Pontificum.

107 3602 110 3607 -
136 3562 189 3620 lV.
202 3562 317 3634 Quarta
327 3576 371 3622 est
384 3566 458 3622 ratio
473 3565 624 3633 naturalis,
636 3584 703 3641 quae
712 3564 845 3622 materie
859 3584 916 3623 seu
929 3560 1026 3644 objecti
1063 3618 1065 3625 ,

92 3642 267 3716 gravitatem
277 3655 305 3700 et
314 3645 539 3722 repugnantiam
551 3643 1026 3715 cumvirtutibusconsideratrer·
1064 3650 1075 3695 l

87 3721 126 3781 ba
135 3721 209 3784 item
218 3746 254 3786 ec
263 3725 355 3784 finem
362 3724 1025 3805 legispoenasquelntransgressoresstatutas.
1069 3758 1072 3765 =

75 3802 151 3867 item
161 3808 252 3871 actis
268 3807 541 3877 deliberationem,
551 3800 773 3866 uoluntarium,
781 3815 820 3855 ac
826 3798 1045 3854 circumstantias
