2152 4066
311 117 357 163 nt
380 113 552 162 enecans·

209 294 212 299 ²
255 260 619 342 QUAEST10V111.'

92 435 150 494 DE
172 428 435 492 EFFECTIBUS
461 422 760 490 PECCATORUM.

343 626 538 640 m

46 774 91 828 ts.
133 766 192 826 DE
214 760 681 902 PECCAhiJLIiABITUffl
707 763 787 827 SEU
814 769 896 829 MA.

220 1005 252 1065 S.
270 1003 367 1066 Thon.
382 1011 408 1062 1.
422 1012 452 1064 2.
472 1009 567 1081 qaoest.
582 1001 629 1064 86.

45 1166 123 1226 scula
140 1169 252 1242 peccati
301 1163 344 1222 ΙΙ.
369 1162 414 1221 Di
438 1171 480 1221 ert
499 1161 535 1220 ab
549 1161 656 1240 effectu.
699 1161 760 1226 lli.
781 1166 897 1247 Duplex

49 1246 123 1305 nitor
148 1243 258 1306 animo.
300 1244 354 1303 IV.
420 1241 502 1301 acala
528 1241 636 1320 peccati
656 1246 780 1304 mortalis
800 1246 897 1324 privat

45 1344 119 1403 oque.
162 1324 198 1381 V.
231 1323 348 1382 Macula
367 1320 478 1401 peccati
501 1321 626 1382 venialis.
668 1322 722 1380 vl.
743 1324 897 1402 Propositio

45 1412 140 1467 nuato.

44 1564 58 1623 J
62 1563 175 1624 INAM
184 1561 374 1641 suntpeooati
385 1559 507 1620 actualis
521 1579 572 1620 seu
582 1561 744 1638 personalis
758 1561 894 1622 effectus?

52 1645 251 1722 Praeterquam
273 1640 354 1720 quod
368 1651 522 1720 peccatum
534 1641 688 1719 personale
702 1642 897 1701 communiter

44 1735 100 1783 .vet
110 1734 237 1802 quatuor
246 1723 352 1781 animae
362 1720 485 1780 vulnera
495 1739 532 1778 ex
543 1731 664 1798 peccato
677 1721 813 1798 originali
827 1741 896 1780 con-

44 1827 50 1862 ι
63 1804 224 1883 dequibus
238 1822 328 1880 supra
349 1804 387 1860 N.
414 1809 479 1861 140.
496 1801 675 1879 principales
695 1800 816 1861 effectus
830 1813 899 1861 sunt

44 1884 72 1942 la
87 1896 116 1944 et
129 1894 237 1945 reatus.
278 1884 327 1941 De
340 1892 423 1940 reatu
437 1893 542 1960 agetur
556 1883 646 1942 Num.
662 1883 806 1960 sequenti.

44 1965 84 2022 rid
95 1976 139 2024 est
152 1963 265 2024 macula
283 1962 419 2040 peccati?

44 2047 76 2103 R.
93 2047 148 2105 Est
156 2042 286 2124 -privatio
299 2042 403 2101 nitoris
416 2041 510 2100 debiti
531 2042 626 2099 inesse
639 2040 751 2112 animae,
778 2062 814 2101 ex
827 2063 898 2121 pec.

44 2138 195 2184 eontracta.
239 2123 358 2182 Macula
376 2125 455 2181 recte
479 2121 672 2180 confunditur
685 2142 754 2181 eum
777 2134 899 2202 peccato

44 2206 112 2264 nali.

43 2295 240 2346 maturantem
253 2284 368 2344 macula
380 2280 576 2360 metaphorice
588 2304 597 2353 ;
609 2281 686 2341 siout
699 2283 777 2341 eninr
792 2303 900 2363 eorpus

43 2386 90 2422 rm
101 2367 209 2425 dicitur
222 2365 372 2433 maculari,
384 2362 455 2421 dum
467 2382 503 2421 ex
517 2372 653 2421 contactu
667 2362 787 2422 alterius
798 2385 901 2443 corpo-

43 2456 141 2505 torem
156 2466 242 2504 suum
264 2444 372 2503 amittit
382 2467 392 2514 ;
416 2442 458 2499 ita
480 2443 578 2500 anima
591 2442 737 2501 contrahit
755 2444 901 2504 maculam

43 2527 144 2584 :ualem
155 2547 192 2584 ex
207 2534 341 2584 contactu
357 2523 399 2581 rei
410 2523 517 2591 vetitae,
530 2542 619 2599 quam
629 2523 726 2581 anima
740 2523 770 2581 in
780 2537 902 2601 peccato

43 2605 166 2665 ffeetum
180 2605 301 2681 attingit
309 2628 319 2675 3
343 2615 432 2681 atque
445 2602 495 2660 hic
508 2601 650 2680 loquendi
664 2603 769 2662 modus
784 2604 900 2663 eonfor-

43 2695 77 2744 rst
88 2687 246 2764 Scriptura
262 2684 367 2754 sacrae,
380 2684 412 2740 in
426 2703 485 2760 qua
506 2681 595 2740 homo
609 2682 719 2740 dicitur
730 2703 767 2742 ex
780 2697 901 2762 peccato

43 2765 126 2824 ilatus
140 2778 169 2824 et
179 2765 349 2824 immundus
362 2786 369 2822 :
398 2764 439 2821 eie
452 2763 513 2823 Joe.
529 2781 593 2839 cap.
604 2769 652 2822 22.
667 2781 696 2820 v.
713 2772 758 2831 17.
793 2772 813 2797 “
829 2765 901 2823 Pec-

43 2846 118 2904 tisin
130 2845 323 2923 Beelphegor,
335 2854 365 2902 et
374 2862 469 2920 usque
478 2843 509 2899 in
519 2842 691 2900 hodiernam
698 2843 778 2902 diem
786 2845 903 2903 macula

42 2927 85 2997 jus
100 2926 216 2984 sceleris
240 2927 270 2982 in
294 2923 379 2982 nobis
398 2932 551 3000 permanet
561 2925 589 2993 ;’'
611 2923 682 2980 item
702 2923 838 2984 Christus
858 2925 904 2982 loa

42 3027 54 3064 s
77 3006 229 3082 Apostolis
254 3005 291 3063 de
305 3005 325 3065 J
329 3003 406 3062 udat
431 3011 451 3038 ‘⁸
468 3002 529 3060 Vos
542 3001 664 3060 mundis
675 3005 755 3074 estis,
770 3004 897 3062 sednon

42 3088 92 3155 rs,’¹
107 3098 162 3144 etc.

42 3165 119 3224 >illa
129 3166 252 3234 macula,
266 3173 421 3242 postquam
436 3172 518 3222 actus
537 3162 652 3240 peccati
664 3163 788 3234 transiit,
815 3165 906 3224 homo

42 3266 74 3304 nr
88 3266 151 3304 esse
165 3247 196 3302 in
210 3256 340 3323 peccato,
369 3256 399 3302 et
412 3243 619 3302 denominatur
631 3253 777 3320 peccator,
798 3264 905 3324 nempe

42 3326 163 3396 molitor,
179 3326 270 3403 idque
283 3325 371 3383 etiam
385 3323 553 3396 dormiens;
574 3323 794 3382 maculaautem
806 3344 905 3401 perse-

42 3425 154 3485 2usque
168 3405 207 3464 ad
219 3404 420 3463 remissionem
434 3403 557 3481 peccati,
578 3412 608 3461 et
618 3403 649 3460 in
662 3402 726 3480 ipsa
735 3403 907 3465 remissione

42 3506 90 3544 m.

42 3609 48 3622 .
65 3567 144 3625 Nota
156 3577 310 3644 peecatum
323 3562 473 3624 habituale
484 3561 602 3621 differre
615 3562 652 3620 ab
666 3562 770 3623 effectu
784 3565 823 3622 ad
836 3586 907 3643 pec.

42 3666 80 3704 n:
110 3667 178 3705 narn
201 3645 322 3704 affectus
341 3644 471 3723 pertinet
490 3643 528 3701 ad
541 3653 695 3720 peecatum
715 3645 839 3705 actuale.
852 3667 908 3724 po-

41 3745 76 3782 ue
95 3746 159 3783 esse
182 3726 346 3803 depositus,
360 3726 432 3786 licit
445 3736 607 3804 peccatum
615 3722 775 3783 hohitnahe
786 3744 844 3783 sen
852 3746 921 3782 rna-

41 3815 207 3876 rerseveret,
226 3817 259 3865 ut
272 3819 361 3886 patet
376 3807 408 3868 in
424 3807 610 3890 imperfecte
626 3805 774 3868 contrito.
