2160 4072
389 171 393 177 .
428 119 474 164 nu
496 120 573 166 nno.
949 102 991 168 45

61 278 152 328 autem
165 261 246 337 “est,
261 265 361 326 Deum
374 266 522 336 mentiri,'’
536 267 578 326 ait
591 266 753 344 Apostolus
763 265 802 325 ad
816 265 911 324 Hebr.
926 286 992 345 cap.

62 346 86 410 6.
99 371 125 407 v.
137 348 278 408 munde
290 349 372 406 Deus
385 351 550 406 estsumme
562 367 652 406 verax
662 358 693 406 et
703 346 808 406 fallere
814 363 874 405 non
884 357 991 425 potest.

95 430 155 487 VlI
160 431 185 488 L
200 428 268 487 Deo
282 428 424 506 competit
436 428 500 486 vita
508 427 723 506 perfectissima
730 452 741 500 ;
757 427 827 506 quia
837 428 903 486 Deo
911 447 991 487 com-

62 510 130 588 petit
141 508 355 588 perfectissime
369 507 494 586 operari,
508 520 540 568 et
551 510 569 567 a
582 506 667 567 nullo
679 506 802 578 moveri,
816 509 848 566 in
862 527 922 585 quo
936 507 992 570 sita

64 590 186 650 estrstio
200 588 323 648 vivendi
335 587 558 666 perfectissima.

377 861 597 940 QUAESTIO
621 863 671 926 Il.

288 1024 350 1083 DE
381 1025 642 1087 VOLUNTATE
667 1025 757 1087 DEI.

176 1338 181 1346 ,
221 1295 282 1357 No.
296 1305 345 1359 34.
366 1300 424 1359 DE
445 1298 713 1360 VOLUNTATE
735 1298 821 1358 DEI.

284 1458 317 1519 S.
343 1459 438 1519 Titum.
462 1468 488 1518 1.
504 1467 691 1541 partequesl.
717 1466 762 1526 19.

53 1668 56 1687 Ε
75 1617 93 1675 Ι.
120 1617 155 1676 In
172 1618 236 1677 Deo
257 1626 299 1676 est
320 1620 455 1678 υοίαηέαε.
497 1621 539 1679 II.
563 1620 706 1698 objectum
720 1617 994 1696 voluntatisduplea.

53 1692 58 1775 ξ
104 1697 157 1756 ΙΙΙ.
177 1696 262 1757 Deua
274 1698 430 1760 necessario
443 1709 519 1757 amat
532 1700 660 1776 seipsrem.
698 1699 753 1758 1v.
776 1697 885 1758 Coetera
898 1697 992 1760 libera

53 1780 57 1863 ξ
101 1778 134 1837 V.
153 1778 192 1837 In
205 1776 270 1836 Deo
282 1785 322 1836 est
334 1777 457 1838 libertas.

53 1912 56 2065 j
104 1940 156 1997 AN
178 1939 209 1996 in
225 1939 292 1997 Deo
306 1947 350 1995 est
365 1937 523 1998 voluntas?

101 2020 123 2076 l.
144 2019 179 2077 R.
193 2017 390 2077 Affirmative:
405 2021 549 2096 probatur
562 2032 599 2076 ex
612 2019 698 2096 epist.
713 2019 752 2078 ad
766 2017 848 2075 Rom.
864 2036 928 2095 cap.
945 2024 991 2076 12.

53 2102 55 2127 ⁵
71 2116 92 2157 v.
102 2107 128 2158 ἓ.
149 2107 170 2133 “
182 2100 228 2158 Ut
240 2097 381 2177 probetis,
396 2119 463 2175 quae
472 2100 510 2158 sit
520 2097 658 2157 voluntas
669 2101 727 2159 Dei
737 2100 772 2172 ;”
786 2109 816 2157 et
829 2097 868 2156 ad
879 2097 991 2176 Ephes.

71 2197 120 2258 osp.
136 2189 163 2239 1.
185 2199 216 2236 v.
234 2186 280 2237 11.
316 2185 336 2214 “
349 2180 410 2252 Qui
424 2190 562 2257 operatur
586 2180 684 2237 omnia
709 2179 873 2239 secundum
897 2176 993 2237 consi-

70 2256 129 2318 lium
142 2258 307 2318 voluntatis
321 2262 408 2318 suael'

71 2338 142 2399 Ratio
156 2351 213 2410 est,
226 2339 308 2417 quod
321 2339 458 2398 voluntas
469 2342 506 2399 sit
517 2339 659 2416 perfectio
674 2340 846 2419 simpliciter
857 2338 992 2417 simplex,

69 2416 189 2499 adeoque
200 2419 240 2479 sit
252 2420 285 2480 in
298 2420 374 2479 Deo.

96 2500 258 2574 Quodnam
269 2511 314 2560 est
326 2501 476 2579 objectum
486 2498 596 2560 divinae
610 2500 792 2560 voluntatis?

96 2579 138 2641 11.
159 2583 196 2641 R.
213 2581 269 2640 Est
281 2581 403 2660 duplex,
417 2580 602 2658 primarium,
617 2582 698 2658 quod
710 2601 764 2659 per
778 2602 809 2640 se
822 2589 947 2650 amatur,
962 2590 993 2638 et
1030 2576 1034 2580 ⁴

67 2662 185 2742 etipse
209 2662 305 2732 Deus,
334 2670 364 2718 et
386 2661 604 2730 secundarium,
630 2662 711 2738 quod
730 2672 849 2720 'amatur
870 2668 994 2738 propter

65 2741 241 2818 primarium,
262 2752 292 2800 et
306 2750 375 2800 sunt
388 2753 539 2802 creaturae.
886 2788 888 2793 .

94 2822 157 2882 111.
186 2823 273 2882 Deus
292 2821 422 2900 seipsum
439 2841 566 2900 suasque
583 2821 783 2900 perfectiones
793 2821 859 2880 vult
872 2830 902 2879 et
914 2831 994 2879 amat

64 2903 230 2973 mentio,
244 2902 316 2975 quia
329 2922 360 2960 se
373 2903 471 2981 ipsum
485 2902 711 2982 comprehendit
724 2923 787 2962 esse
800 2904 910 2961 bonum
924 2899 992 2958 uni·

64 2983 177 3055 insule,
193 3001 256 3040 non
272 2992 372 3041 tamen
390 2993 469 3041 amat
483 3003 513 3042 se
533 2984 632 3061 ipsum
646 2985 820 3042 necessitate
834 2979 992 3041 coactionis

64 3073 104 3123 ut
115 3063 276 3132 uiolentia,
288 3063 341 3120 sed
350 3063 522 3122 necessitate
536 3063 648 3122 summe
663 3063 837 3122 voluntarii.

91 3144 147 3204 lv.
163 3147 403 3204 Creaturasvero
414 3144 499 3202 Deus
508 3144 676 3203 liberevult
683 3167 693 3215 ,·
705 3145 776 3221 quia
785 3145 1007 3202 omnebonum:
1064 3179 1069 3191 .

64 3234 186 3284 uatum
212 3233 257 3282 est
278 3223 468 3300 particulare,
495 3234 524 3282 et
547 3228 666 3284 tantum
678 3225 801 3295 bonum,
815 3221 994 3300 quatenus&

64 3301 157 3364 livine
168 3303 305 3364 bonitate
315 3305 493 3382 participat3
515 3306 650 3382 adeoque
665 3305 749 3364 Deus
762 3325 822 3363 non
832 3299 996 3361 necessario

64 3383 175 3445 adillud
182 3384 485 3457 determinatur,eum
496 3387 559 3444 sine
567 3406 602 3446 eo
609 3385 666 3444 sibi
676 3385 714 3444 sit
722 3381 993 3444 sufficientissimus.

93 3464 165 3544 obj.
187 3466 275 3524 Deus
297 3464 400 3523 eodem
420 3475 488 3524 actu
502 3467 569 3525 vult
582 3487 613 3525 se
626 3477 657 3525 et
669 3476 833 3525 creaturas:
856 3461 940 3540 atqui
962 3482 993 3523 se

66 3544 120 3605 ult
130 3545 300 3606 massario
311 3568 320 3617 3
341 3564 413 3620 ergo
424 3557 454 3604 et
466 3557 625 3606 creaturas.

96 3627 131 3687 ll.
152 3626 236 3704 Neg.
251 3642 367 3704 conseq.
383 3624 453 3701 quia
463 3625 544 3684 idem
556 3627 608 3686 ille
621 3637 706 3685 actus
718 3636 810 3705 prout
819 3624 893 3692 dicit
906 3621 1001 3682 habi..

68 3703 192 3766 udinem
204 3705 245 3765 ad
257 3706 366 3774 Deum,
380 3715 426 3764 est
436 3704 640 3782 necessarium
656 3707 712 3770 sed
723 3716 820 3789 prout
830 3701 1010 3767 dmutila‘tit-

68 3785 182 3842 unbem
192 3802 246 3841 seu
255 3782 495 3847 terminationem
506 3789 546 3851 ad
562 3801 738 3870 creaturas,
758 3801 811 3853 est
818 3790 919 3853 liloer.
968 3831 976 3836 -
