2152 4066
15 29 550 59 W*
567 30 570 33 ’

82 96 149 162 910
456 112 658 159 reserarus

84 265 101 323 ἰ
114 260 315 341 prohibitione
325 284 333 320 a
347 279 395 319 res
409 267 508 317 autem
519 258 572 318 illa
585 258 747 319 secundim
757 278 789 319 se
799 277 862 317 non
875 267 922 317 est
930 259 1019 322 mala:
1056 231 1072 295 ll

85 363 157 421 ergo
171 342 328 402 delectatio
340 340 379 399 de
388 338 441 398 tali
461 357 495 397 re
516 340 560 398 sic
580 338 774 410 considerata,
798 339 889 399 etiam
911 357 974 396 uon
987 352 1021 399 eat
1066 392 1072 406 .

85 423 171 486 mala.
205 424 245 481 Et
255 423 296 481 ita
309 418 467 480 delectatio
481 417 531 478 die
540 420 648 498 jejunii
658 419 761 479 habita
774 418 813 478 de
821 439 877 478 esu
887 419 1023 491 carnium,
1060 482 1063 493 ἵ

85 514 120 563 ut
134 502 281 572 habendo,
292 520 362 561 casu
375 519 436 578 quo
445 518 506 558 non
520 512 597 559 esset
605 498 764 581 jejunium,
792 519 856 558 uon
870 509 917 558 est
930 509 1024 559 contra

86 583 185 662 legem
195 581 313 661 jejunii,
1061 578 1072 649 ‚'

128 661 224 722 Aliud
237 671 291 732 est,
303 661 404 740 siquis
412 660 577 721 delectetur
590 660 628 719 de
638 679 691 719 esu
702 658 837 718 carnium
850 669 886 718 ut
894 656 1025 725 habendo

88 740 137 800 die
147 741 254 821 jejunii
265 740 277 814 ;'
290 741 441 822 quiatunc
451 741 615 800 delectatur
629 739 667 799 de
680 759 771 819 opere
785 740 934 818 quatenirs
944 739 1023 811 malo,
1060 800 1065 810 ‚

91 821 174 900 quod
188 843 304 901 semper
318 833 363 882 est
375 831 540 900 peccatum.

131 903 190 961 Ill.
216 902 361 976 Quamvis
383 901 540 960 delectatio
566 900 605 959 de
628 920 718 978 opere
741 894 804 959 solo
822 899 895 978 jure
908 897 1027 977 positivo
1063 914 1072 938 ²

88 983 249 1062 prohibito,
263 982 432 1042 abstractim
447 983 463 1038 i
475 981 687 1059 prohibitione,
701 980 864 1039 secundnm
878 999 911 1038 se
924 980 1025 1038 nonsit

89 1062 176 1134 mala,
189 1062 397 1122 abstinendum
416 1072 516 1119 tamen
530 1064 546 1120 ὲ
560 1061 705 1120 similibus
725 1059 974 1120 delectationibus
994 1062 1027 1119 ob

89 1143 267 1223 periculum,
278 1163 317 1202 ne
328 1141 511 1211 delectando,
523 1142 616 1220 ipsius
630 1140 727 1218 operis
737 1139 946 1199 committendi
959 1141 1027 1199 acci·
1060 1147 1072 1157 ”

90 1223 152 1301 piat
165 1225 358 1292 voluntatem,
384 1222 433 1281 vel
443 1233 572 1281 transeat
585 1220 624 1279 ad
639 1221 868 1281 delectationem
883 1219 924 1278 de
947 1239 1030 1298 opere

92 1303 237 1380 quatenirs
251 1303 339 1362 malo.
382 1301 500 1361 Deinde
510 1302 586 1361 tales
601 1300 811 1360 delectationes
824 1300 925 1360 solent
934 1300 1029 1360 saltem

91 1402 155 1443 esse
166 1387 288 1462 peccata
301 1381 436 1453 venialia,
450 1393 556 1461 utpote
569 1381 714 1442 ordinarii
729 1381 828 1440 otiosae
844 1393 874 1440 et
887 1380 1013 1439 inutiles.

132 1463 186 1522 lV.
199 1463 292 1523 Sicuti
306 1462 470 1524 deliberata
480 1462 636 1522 delectatio
650 1463 688 1521 de
701 1482 734 1520 re
745 1462 822 1521 mala
835 1471 880 1521 est
893 1460 981 1531 mala,
993 1460 1031 1520 ita
1070 1494 1072 1513 ε

96 1543 185 1603 etiam
198 1543 361 1603 deliberata
373 1543 495 1603 tristitia
507 1553 558 1602 aut
572 1542 760 1621 displicentia
773 1542 810 1601 de
823 1562 916 1620 opere
930 1561 983 1601 seu
994 1541 1027 1600 de

92 1642 125 1681 re
132 1625 229 1684 mnas
241 1624 332 1696 unde,
344 1624 397 1704 qui
406 1623 499 1684 libers
512 1624 647 1682 tristatur
661 1624 699 1682 de
712 1624 792 1681 bono
801 1622 943 1702 proximi,
969 1625 1030 1680 vere

93 1715 216 1781 peccat3
244 1705 313 1782 quia
328 1708 396 1765 verb
410 1707 523 1764 bonum
537 1704 601 1763 odit
615 1725 623 1761 a
639 1703 726 1764 sicuti
740 1707 809 1763 verb
823 1701 938 1762 malum
950 1712 1030 1774 amat,

94 1783 148 1862 qui
161 1784 217 1844 sibi
230 1783 263 1842 in
277 1804 312 1844 eo
325 1785 497 1865 complacet

96 1942 213 2016 N0119.
235 1945 294 2005 DE
316 1946 656 2007 DELECTATIONE
679 1945 803 2005 CIRCA
826 1945 939 2006 OPUS
960 1944 1032 2004 MA·
1070 1978 1072 1983 .

257 2026 522 2086 TERIALITER
537 2026 687 2087 SOLUM
709 2026 880 2085 MALUM.

98 2183 122 2241 l.
135 2183 271 2262 Exceptio
283 2184 432 2245 secuaddm
446 2185 554 2248 multos.
596 2186 638 2245 ΙΙ.
664 2184 804 2266 liejicitur
817 2193 910 2242 tuanen
925 2185 961 2244 uh
975 2183 1034 2241 aliis

131 2261 193 2320 laceo
221 2265 354 2342 acceptio.
407 2266 466 2326 111.
503 2264 648 2326 Conclusio
672 2264 816 2404 practico.
859 2266 915 2324 lv.
960 2262 1031 2336 Quid
1062 2264 1072 2321 l:

135 2340 173 2476 dc}
179 2342 357 2432 delectatione
378 2344 454 2405 circu
469 2364 540 2423 opus
551 2348 670 2405 muteris
684 2347 736 2404 iter
749 2345 849 2403 mulum
864 2344 894 2402 in
910 2347 983 2424 jare
993 2363 1035 2420 po·
1061 2324 1072 2473 li

104 2462 109 2472 .
131 2439 162 2477 ,ει
174 2441 225 2480 svo
1068 2444 1072 2476 ι

138 2581 199 2640 AN
213 2580 295 2642 licita
307 2593 352 2643 est
374 2583 529 2644 delectatio
542 2606 659 2645 morosa
682 2587 720 2645 de
734 2605 823 2664 opere
842 2584 915 2662 jure
928 2594 1033 2642 natura
1063 2596 1072 2636 t·

98 2660 259 2740 prohibito,
282 2663 335 2722 sed
349 2665 413 2722 sine
427 2664 514 2744 culpa
525 2666 641 2725 formali
651 2667 700 2726 hic
711 2677 741 2724 et
751 2685 832 2724 nunc
845 2665 955 2743 posito,
972 2685 999 2722 v.
1012 2685 1035 2741 g.
1064 2674 1072 2715 ἐ

100 2740 254 2801 delectatio
268 2743 305 2802 de
318 2744 483 2822 pollutione
496 2758 642 2805 nocturna
649 2745 859 2816 involuntaria,
869 2744 909 2803 de
921 2744 1037 2804 homici-

103 2823 153 2880 dio
166 2824 205 2880 ab
215 2835 331 2883 amente
345 2826 510 2892 commisso,
525 2831 602 2886 eto?

144 2905 179 2962 R.
196 2904 273 2981 Neg.
283 2905 352 2982 quia
365 2906 515 2984 objectum
529 2906 732 2968 delectationis
753 2918 798 2966 est
811 2904 970 2965 intrinsece
984 2924 1037 2964 ma·

102 2983 176 3052 lum,
191 2983 322 3062 adeoque
336 2985 499 3046 deliberata
510 2987 667 3047 delectatio
678 2989 716 3047 de
729 3008 765 3049 eo
779 2998 824 3046 est
837 2985 923 3043 mala.

143 3065 207 3122 Nec
221 3066 327 3136 obstat,
339 3067 419 3144 quod
433 3068 548 3127 actione
557 3067 621 3127 istm
636 3069 829 3147 sinepeccato
841 3066 957 3125 fuerint
969 3083 1038 3122 com·
1070 3068 1072 3101 ³

104 3142 220 3202 missae:
235 3145 292 3204 hoc
306 3146 384 3204 enim
394 3148 533 3224 provenit
545 3168 582 3206 ex
595 3148 840 3208 indeliberatione
861 3164 975 3214 eorum,
995 3143 1039 3222 qui

103 3243 153 3282 eas
167 3225 392 3286 commiserunt:
422 3231 526 3286 verum
542 3228 699 3288 delectatio
713 3241 758 3287 est
771 3227 944 3296 deliberata,
960 3223 1040 3283 adeo·

107 3323 166 3380 que
181 3305 344 3364 formaliter
363 3306 449 3365 mala.

145 3386 170 3444 1.
181 3385 270 3444 Multi
281 3398 390 3456 tamen,
413 3398 448 3446 ut
461 3388 715 3459 salmanticenses,
737 3390 886 3467 Vosquea,
912 3384 1041 3454 Billuart,
1063 3408 1066 3416 ·

106 3465 247 3536 Antoine,
262 3477 317 3526 etc.
331 3477 448 3545 putant,
477 3469 558 3546 quod
571 3468 642 3528 licit
654 3469 792 3528 illicitum
807 3469 845 3528 sit
859 3465 1000 3525 delectari
1009 3463 1043 3522 de

105 3543 275 3617 homicidio,
285 3548 436 3619 ebrietate,
451 3560 508 3608 etc.
521 3549 718 3610 involuntarie
730 3548 901 3616 commissis,
911 3545 1043 3604 illicitum

104 3635 203 3682 tamen
211 3645 278 3684 non
292 3629 338 3699 sit,
351 3629 390 3686 ob
403 3629 493 3687 finem
506 3631 620 3688 bonum
634 3631 671 3688 de
690 3617 855 3708 pollutione
869 3628 949 3685 mere
963 3634 1045 3684 natu·

15 3764 17 3773 ,
102 3703 162 3764 rali
169 3717 199 3766 et
213 3707 419 3772 involuntaria
432 3709 589 3782 delectari,
599 3711 653 3769 uel
664 3707 914 3782 allectusxmpbc'x
922 3703 1053 3760 Μῶν

15 3778 22 3805 ³
94 3787 241 3852 cacieam
252 3792 443 3872 desiderare.
487 3784 873 3869 liuiussentent'iaet'xam
881 3781 975 3856 φὶ,
988 3780 1072 3834 mor

75 3869 290 3959 ninusparte
300 3877 394 3942 etit·
407 3874 437 3939 6.
450 3894 521 3956 cap.
538 3881 571 3934 5,
