2160 4072
359 112 404 156 ns
428 113 470 155 ss.
495 108 699 154 rusurraru.
959 92 1003 160 89

53 267 138 316 :tres
152 254 358 330 substantias3
370 258 423 317 sed
436 256 517 335 apud
529 257 653 316 Latinos
666 254 794 315 sumitur
806 274 862 334 pro
871 257 999 316 essentia

53 338 79 396 el
94 348 225 407 natura,
248 338 301 415 qui
323 354 396 398 usus
410 349 456 397 est
470 337 652 396 retinendus.

72 419 174 478 VIII.
189 421 252 478 Hae
262 436 359 488 voces,
375 426 396 453 “
405 438 463 488 res,
474 437 538 494 ens,
548 417 683 486 entitas,”
698 427 824 494 possunt
832 416 927 496 accipi
938 437 995 495 pro

53 518 178 571 ersona,
191 499 242 558 vel
252 518 316 577 pro
322 499 458 570 essentia3
472 497 553 556 unde
566 497 605 555 ad
612 496 773 556 tollendam
784 519 809 557 as
833 498 993 556 uivocatio-

53 599 104 637 em
120 579 225 638 solent
239 578 329 658 adjici
352 599 440 638 voces
462 578 685 654 restringentes,
707 588 739 636 et
761 576 803 636 ita
840 577 992 638 'citarent

53 659 214 730 elativum,
224 659 297 717 dum
308 659 346 719 de
356 678 493 739 persona,
505 677 558 716 ens
568 658 748 730 absolutum,
760 657 833 716 dum
845 656 883 717 de
894 677 991 717 essen·

53 738 199 798 issermo
216 750 270 799 est

157 901 258 959 Not.
281 901 339 959 DE
364 899 547 961 NUMERO
573 899 880 960 PERSONARUM.

53 1058 71 1118 l.
95 1059 169 1118 Trea
183 1061 315 1118 Persona
328 1059 402 1117 inter
415 1079 446 1117 se
454 1057 602 1117 distinctor.
646 1059 688 1121 Il.
721 1059 861 1118 Probatur
876 1077 911 1117 es
924 1079 992 1118 novo

86 1138 271 1196 Testamenta.
306 1140 367 1198 Ill.
386 1140 458 1198 Tres
472 1135 606 1197 Persona
618 1148 684 1197 sunt
698 1158 770 1196 unus
778 1147 804 1196 et
814 1139 885 1197 idem
900 1137 989 1197 Deos.

86 1216 139 1274 IV.
162 1218 238 1276 Sunt
253 1225 311 1277 tres
324 1218 456 1277 babentes
469 1214 665 1276 Divinitutem.

87 1362 208 1434 QUOT
224 1373 294 1420 sunt
309 1363 446 1420 Personae
459 1359 491 1418 in
506 1361 647 1423 Divinis?

88 1441 112 1500 l.
135 1443 170 1505 lt.
193 1443 271 1501 Sunt
293 1452 354 1500 tres
380 1444 517 1501 Personae
529 1443 646 1502 realiter
667 1441 747 1500 inter
774 1461 805 1500 se
830 1440 987 1512 distinctae,

53 1521 153 1580 scilicit
168 1523 264 1591 Pater,
289 1522 384 1580 Filius
394 1535 425 1580 et
440 1521 569 1598 Spiritus
580 1525 715 1582 Sanctus.
940 1526 942 1530 ’

86 1603 233 1661 Probatur
246 1601 286 1664 1⁰.
295 1623 333 1661 ex
345 1601 494 1680 Symbolis
503 1603 714 1680 Apostolorum
726 1613 756 1661 et
765 1603 796 1662 S.
820 1602 989 1676 Athanasii,

53 1677 200 1761 inquibus
212 1683 271 1743 hoc
284 1681 393 1760 dogma
404 1686 504 1760 aperte
520 1684 700 1744 continetur.
944 1737 945 1741 ,

89 1762 130 1822 ll.
145 1761 293 1822 Probatur
313 1763 355 1824 2⁰.
379 1774 481 1822 contra
504 1764 686 1824 Sabellianos
709 1774 740 1822 et
756 1762 932 1822 vSocinianos
952 1783 989 1821 ex

53 1838 203 1921 Scriptura
214 1842 245 1902 S.
257 1843 365 1904 Matth.
378 1863 443 1923 cap.
458 1851 508 1903 28.
518 1863 547 1902 v.
565 1853 611 1916 19.
625 1844 753 1903 dicitur:
770 1851 788 1878 ‘·
800 1843 989 1921 Baptirantes

53 1918 72 1955 I‘
82 1922 170 1981 cosin
183 1923 304 1982 nomine
319 1925 415 1983 Patris
428 1935 460 1984 et
472 1923 544 1982 Filii
557 1935 587 1983 et
601 1921 728 2002 Spiritirs
743 1924 871 1983 Sancti.”
913 1923 989 1981 Item

53 2018 85 2059 rx
100 2012 125 2061 1.
145 2004 234 2064 Joan.
249 2024 312 2081 uap-
324 2013 351 2065 5.
379 2025 408 2063 v.
432 2013 460 2070 7.
503 2005 610 2064 “Tres
625 2016 704 2072 sunt,
719 2002 772 2080 qui
785 2004 987 2062 testimonium

53 2086 72 2115 ‘¹
78 2082 148 2142 dant
155 2083 189 2141 in
199 2083 295 2144 coelor
312 2086 407 2155 Pater,
429 2085 563 2144 Verbum
577 2096 608 2142 et
618 2084 747 2163 Spiritus
762 2084 896 2143 Sanctus.

88 2164 132 2222 Ex
145 2165 241 2224 reteri
254 2165 446 2224 Testamenta
453 2184 514 2223 non
524 2164 646 2242 quidem
657 2163 813 2224 evidentur
826 2163 985 2242 probatur;

53 2242 182 2320 pluribus
201 2256 301 2304 tamen
323 2245 356 2302 in
370 2245 443 2305 locis
455 2245 612 2322 pluralitas
636 2247 831 2304 Personarum
854 2245 987 2303 insinua·

53 2332 112 2396 tur3
133 2324 180 2385 sic
189 2327 297 2384 Genea.
313 2333 377 2403 cap.
395 2333 419 2382 1.
436 2345 462 2384 v.
478 2324 526 2386 26.
541 2325 669 2384 dicitnr:
685 2325 871 2383 “Faciamus
890 2324 985 2383 homi-

55 2421 114 2462 nem
133 2405 174 2465 ad
202 2406 363 2483 imaginem
387 2416 418 2464 et
439 2405 664 2464 similitudinem
687 2402 847 2483 nostram,''
874 2415 905 2463 et
919 2424 982 2481 cap.

56 2492 72 2518 “
85 2493 125 2544 11.
139 2507 168 2545 v.
193 2494 239 2554 17.
254 2493 274 2520 “
285 2487 404 2556 Venite,
418 2485 642 2556 descendamus,
658 2497 689 2544 et
702 2484 920 2544 confundamus
943 2483 985 2542 ibi

55 2563 214 2644 “linguam
228 2569 357 2625 eorum.”
879 2563 881 2568 ’

87 2644 131 2704 Ex
150 2646 245 2725 priori
272 2646 338 2705 loco
358 2647 493 2725 sequitur
517 2665 581 2705 esse
605 2647 709 2725 plures
724 2646 878 2714 Personas,
904 2655 984 2703 etex

56 2727 202 2797 posuisti
215 2747 279 2799 esse
292 2727 332 2786 ad
341 2727 439 2786 minus
452 2739 526 2799 tres;
540 2725 668 2786 dicendo
682 2732 702 2758 “
714 2725 829 2784 venite”
839 2724 986 2802 signitica-

54 2810 96 2861 tur
108 2807 246 2881 Persona,
268 2827 333 2884 quae
353 2805 496 2885 loquitur,
517 2818 547 2867 et
565 2807 677 2884 plures,
706 2806 816 2885 quibus
841 2805 985 2883 loquitur.

57 2880 193 2946 Probatur
207 2889 296 2947 etiam
306 2908 343 2946 ex
359 2889 434 2947 Psal.
452 2895 516 2956 109.
531 2908 559 2945 v.
575 2897 599 2946 1.
621 2894 642 2921 “
656 2887 745 2945 Dixit
757 2887 903 2945 Dominus
922 2887 985 2944 Do‘-

56 2964 125 3025 mino
136 2987 215 3039 meo,
226 2968 296 3027 sede
309 2967 447 3028 adextris
458 2968 563 3037 meis,’'
584 2978 640 3025 etc.
681 3040 686 3048 ,

88 3048 244 3121 Quomodo
257 3068 329 3127 ergo
342 3068 403 3106 non
417 3058 487 3106 sunt
498 3056 560 3106 tres
574 3047 637 3117 Dii,
652 3048 722 3106 cirm
731 3046 790 3122 sipt
808 3056 868 3106 tres
883 3046 986 3105 Perso-

56 3142 94 3186 na
105 3128 182 3187 inter
194 3149 228 3189 se
241 3128 398 3199 distinctae,
414 3149 541 3205 quarum
555 3127 695 3206 quaelibet
703 3138 748 3186 est
762 3129 868 3187 Dens?

89 3204 146 3269 111.
172 3209 205 3266 li.
221 3208 301 3283 Quia
311 3209 370 3267 illae
383 3221 444 3267 tres
456 3210 590 3267 Personae
610 3208 722 3266 habent
735 3228 824 3267 unam
835 3205 984 3266 eamdem·

56 3306 106 3364 que
116 3288 274 3348 indivisam
285 3300 421 3348 naturam
437 3309 490 3347 seu
508 3289 664 3347 essentiam
678 3287 820 3358 divinam,
836 3285 988 3345 etidcirco

57 3366 106 3428 dici
117 3369 218 3440 debet,
233 3371 313 3447 quod
333 3380 393 3428 tres
420 3371 557 3427 Personae
572 3370 631 3427 sint
653 3388 731 3427 unus
746 3368 887 3444 idemque
903 3366 987 3424 Deus

56 3450 114 3507 cim
127 3450 160 3507 in
172 3451 239 3509 Deo
252 3449 379 3509 essentia
401 3468 462 3507 non
477 3448 701 3526 multiplicetur,
724 3446 776 3508 sed
789 3444 905 3505 tanturn
918 3466 987 3524 per-

58 3531 200 3592 sonalitas:
212 3550 269 3589 vox
279 3541 380 3588 autem
390 3529 432 3587 dii
443 3528 474 3587 in
482 3529 592 3606 plurali
601 3527 854 3606 significatplures
862 3547 926 3586 esse
933 3546 987 3587 na·

58 3618 125 3671 taras
135 3611 300 3680 distinctas,
316 3611 387 3688 quia
397 3619 443 3668 est
455 3629 565 3668 nomen
576 3609 796 3668 substantivum
812 3605 968 3666 essentiale
978 3630 987 3677 ;

59 3690 99 3750 sd
107 3711 166 3749 vox
177 3699 197 3725 “
208 3692 362 3768 personae'’
372 3691 404 3748 in
413 3689 524 3767 plurali
536 3709 596 3748 non
608 3689 751 3768 importat
756 3687 864 3770 plures
869 3698 999 3748 naturas

57 3768 198 3838 intinctas,
218 3770 289 3844 quia
302 3789 363 3826 non
378 3782 423 3828 est
435 3789 551 3830 nomen
565 3772 744 3848 essentiale,
767 3771 825 3836 sed
838 3768 1017 3853 personale.

480 3860 528 3913 13
