2160 4072
63 90 107 159 56
434 111 634 157 rascrarns
724 132 728 153 ,

117 257 262 330 Quaenam
276 268 355 317 amat
368 258 475 317 Deus?
817 332 820 337 .

120 338 164 399 ΙΙ.
188 339 221 396 n.
244 340 328 397 Deus
341 348 421 397 amat
438 338 547 407 omnia,
570 337 751 416 inquantum
767 346 836 395 sunt
850 336 933 406 Eus3
949 334 1008 392 cin

79 422 201 556 eatlenm
214 419 313 477 omnia
327 420 385 478 sint
397 419 477 477 bona
489 418 551 477 etd
566 420 642 489 Deo,
649 418 702 498 qui
715 434 805 477 causa
818 415 953 475 omnium
963 424 1007 483 est,

81 518 119 557 vo
131 500 180 558 its.

20 603 23 607 ·
119 581 170 639 An
182 581 266 639 Deus
279 588 358 637 amat
370 579 470 638 omnia
481 578 657 657 aequaliter?

123 659 183 718 lll.
206 660 242 719 R.
256 678 325 719 cnm
341 661 369 718 S.
386 658 494 718 Thom.
514 670 595 737 qaest
619 667 668 718 20.
693 668 748 717 art
773 666 802 718 3.
831 658 856 715 si
870 666 1011 734 spectetur

81 740 145 817 ipse
158 751 242 799 actus
254 739 421 799 dilectionis
432 738 501 808 Dei,
512 740 665 818 aqualiter
674 747 753 798 amat
766 737 876 807 omnia,
890 738 959 795 cdm
967 734 1012 793 ille

83 822 113 877 in
124 840 155 878 se
163 821 269 879 unicus
279 821 318 878 sit
328 830 359 878 et
369 818 622 897 simplicissimus:
638 820 662 878 si
671 822 741 878 veui
752 828 905 897 spectetur
919 815 1011 895 objec-

81 912 156 971 tum,
170 912 249 959 amat
261 899 455 978 inaequaliter‚
470 900 540 977 quia
549 900 602 959 uui
614 899 679 960 vult
693 898 788 978 majus
800 900 916 957 bonum
930 894 1012 975 quim

85 979 179 1038 alteri.

124 1060 223 1138 Magis
232 1070 330 1119 autem
342 1061 425 1135 'uxta
435 1061 466 1119 S.
476 1060 583 1119 Thom.
592 1071 645 1120 art
655 1068 683 1120 4.
693 1058 794 1136 diligit
800 1055 925 1117 meliora
932 1080 942 1129 ;
952 1055 1014 1134 quis

84 1159 122 1198 ex
135 1138 193 1199 hoc
206 1151 277 1200 eunt
289 1081 422 1211 meliora,
437 1139 517 1218 qudd
528 1143 612 1200 Deus
626 1141 668 1200 eis
678 1139 775 1219 majus
783 1141 899 1198 bonnm
909 1135 1013 1196 valitet

86 1220 227 1291 conferat,
242 1222 375 1298 adeoque
389 1239 424 1279 ea
435 1221 505 1298 plus
515 1231 602 1280 amet.
645 1219 736 1280 Unde
748 1228 829 1289 nota,
843 1219 926 1295 quo'd
940 1234 1014 1275 amu

86 1300 146 1359 Dei
159 1319 219 1359 non
234 1312 383 1380 supponat
394 1301 426 1359 in
440 1320 473 1359 re
482 1301 655 1372 bonitatem,
670 1299 723 1359 sed
742 1318 808 1358 eam
821 1298 938 1368 efficiat,
951 1294 1014 1355 inde

87 1380 353 1461 dictueeffects'ous;
368 1382 512 1440 ubi'llmor
519 1392 619 1440 noster
628 1399 688 1439 non
697 1379 786 1438 efficit
793 1379 838 1437 rei
846 1378 1014 1445 bonitatem¹

86 1461 137 1520 secl
151 1459 233 1519 illam
246 1473 467 1539 praesupponat
483 1462 535 1539 qui
548 1473 706 1539 propterea
719 1459 830 1518 dicitur
843 1457 998 1536 effectivus

126 1548 194 1620 Art.
208 1550 238 1603 2.
252 1540 291 1599 ad
305 1549 331 1599 3.
360 1541 456 1612 docet,
481 1541 562 1619 quod
577 1543 662 1601 Deus
675 1550 826 1599 creaturas
839 1536 1014 1597 irrationales

86 1633 165 1681 amet
177 1640 276 1679 amore
298 1621 411 1699 “quasi
424 1622 700 1700 concupiscentiae,”
719 1621 900 1699 inquantum
914 1637 963 1676 eas
977 1636 1014 1675 or·

89 1701 171 1759 diuet
184 1700 223 1758 ad
235 1719 290 1758 nos
300 1711 330 1758 et
344 1700 476 1760 ultimate
489 1702 527 1760 ad
542 1703 680 1780 seipsum.

130 1780 272 1840 Homines
282 1781 498 1841 viatoresDens
507 1778 1014 1860 insuperamatamoretenewleuia

84 1863 182 1939 justos
195 1872 296 1919 omnes
309 1872 388 1920 amat
400 1881 500 1921 amore
512 1859 652 1922 amicitie.

130 1940 200 2018 Obj.
228 1941 296 2019 Sap.
320 1960 383 2020 cap.
411 1948 456 2002 14.
479 1963 506 2001 v.
530 1951 558 2012 9.
578 1942 705 2001 dicitur:
741 1940 854 2001 “Odio
868 1950 939 1999 sunt
958 1940 1014 1998 Dec

90 2021 227 2098 “impius
241 2031 270 2080 et
283 2023 419 2100 impietas
432 2024 496 2102 ejus
506 2026 540 2095 ;''
558 2042 629 2101 ergo
643 2024 728 2081 Deus
741 2022 780 2080 im
804 2021 848 2079 ios
860 2038 923 2077 non
936 2029 1014 2078 amat

132 2101 185 2159 1v.
208 2101 244 2161 R.
270 2102 348 2180 Neg.
361 2121 478 2181 conseq.
493 2102 564 2181 quia
577 2120 611 2162 ut
625 2102 698 2161 dicit
709 2102 739 2160 S.
755 2042 864 2168 Tllom,
874 2110 930 2158 art.
944 2096 1014 2159 Μ’

92 2191 120 2241 4.
161 2180 278 2239 ··'Nihil
298 2182 437 2260 prohibet
460 2203 554 2243 unum
576 2183 708 2242 etidem
723 2181 888 2240 secundum
911 2176 1014 2258 aliquit'

93 2269 112 2295 “
126 2260 227 2330 amari,
248 2271 279 2319 et
299 2263 461 2321 secundnm
475 2263 590 2341 aliquid
610 2263 680 2321 odio
702 2262 821 2321 haberi:
846 2268 876 2318 et
897 2260 940 2319 sic
953 2278 1014 2319 ama

93 2349 113 2375 “
128 2342 212 2398 Deus
225 2353 402 2419 peccatores,
428 2342 603 2422 inquantum
618 2353 688 2402 eunt
708 2353 851 2417 creaturae
871 2341 1006 2419 quaedam

93 2429 114 2455 “
128 2420 170 2480 sic
180 2420 258 2478 enim
269 2422 307 2479 ab
316 2424 382 2499 ipso
392 2433 469 2482 sunt.
494 2423 672 2501 lnquanuiru
685 2422 755 2481 vero
767 2432 837 2481 sunt
846 2432 1014 2499 peccatores

93 2511 113 2535 “
128 2522 179 2560 seu
201 2501 345 2578 quatenus
358 2502 512 2569 deficiunt.
537 2507 555 2562 i
570 2504 636 2562 Deo
649 2504 797 2562 habentur
811 2502 891 2573 odio,
914 2503 1014 2580 quiau

95 2591 114 2616 “
129 2581 171 2639 sic
183 2601 244 2640 non
258 2582 358 2642 suntal
374 2585 466 2642 Deo.''

133 2661 230 2733 Quale
243 2674 288 2720 est
301 2661 380 2723 istud
394 2663 496 2722 odium
511 2664 591 2723 Dei?

132 2742 170 2798 V.
194 2742 227 2798 R.
253 2743 308 2801 Est
321 2743 423 2802 odium
443 2743 670 2803 abominationis
693 2762 747 2802 seu
769 2741 942 2813 aversionis,
973 2764 1013 2822 qu

92 2820 205 2898 aliquid
216 2830 357 2901 tanquam
365 2822 476 2882 malum
487 2823 676 2882 detestamur.
698 2822 864 2882 Cdmenim
874 2835 1014 2901 peccatur

94 2902 205 2959 malum
221 2901 267 2971 sit,
290 2901 373 2961 Deus
386 2903 463 2962 illud
476 2904 544 2962 vere
557 2903 731 2973 detestatur,
759 2914 790 2961 et
802 2902 931 2981 proinde
945 2905 1014 2965 etiar

94 2981 259 3040 detestatur
272 2993 453 3059 peccatorem
467 2983 615 3059 quatenus
627 2983 727 3042 talem.
872 3000 875 3006 ·

136 3060 191 3120 Vl.
213 3060 282 3118 Non
295 3063 414 3121 videtur
434 3075 534 3122 autem
549 3064 582 3122 in
603 3065 670 3123 Deo
690 3062 909 3122 admittendum
931 3065 1014 3125 odim

96 3140 257 3200 inimicitie
267 3143 386 3221 proprie
395 3143 519 3214 dictum,
527 3162 588 3222 quo
596 3143 663 3222 quis
691 3164 824 3202 creonam
836 3143 1014 3221 ipsamdetu

97 3234 187 3293 tatur,
211 3220 298 3300 eique
311 3223 501 3283 malumvult
514 3235 549 3283 ut
572 3223 600 3282 ei
620 3164 750 3283 malum:
782 3225 867 3283 Deus
881 3224 962 3285 enim
976 3244 1014 3284 no

99 3303 216 3363 latetur
225 3302 258 3360 in
268 3302 435 3379 perditione
442 3304 613 3382 impiorum,
620 3314 656 3362 ut
666 3304 776 3363 dicitur
787 3303 919 3381 Sapient
929 3324 998 3384 cap.
1010 3318 1014 3364 ἶ

99 3403 128 3441 v.
144 3390 190 3444 13.
205 3380 285 3441 unde
299 3382 383 3442 Deus
397 3383 463 3443 vult
477 3384 599 3462 quidem
612 3384 760 3462 peccatori
774 3384 895 3453 malum,
911 3384 964 3444 aed
978 3406 1014 3444 nc

100 3483 137 3521 ex
150 3460 219 3521 odio
231 3481 373 3542 personae‚
399 3464 447 3523 vel
460 3475 583 3536 netnroe,
599 3485 651 3524 seu
666 3475 700 3524 ut
712 3465 770 3542 ipsi
782 3464 859 3523 male
873 3463 922 3536 sit,
934 3465 1014 3525 venii

101 3562 137 3601 ex
150 3561 250 3601 amore
259 3542 394 3621 justitias,¹
403 3564 476 3622 -quae
489 3545 583 3623 exigit
591 3556 714 3623 peccata
727 3544 836 3622 puniri.

143 3619 211 3682 Vll.
225 3622 397 3682 Notandum
412 3624 639 3702 qudd'homines
649 3624 739 3689 facile
748 3645 784 3682 ex
794 3624 863 3683 odio
876 3626 1015 3684 aversion

99 3715 297 3781 prorumpant
309 3702 340 3760 in
351 3703 453 3763 odium
467 3704 629 3764 inimicitie
640 3729 650 3777 ς
671 3717 702 3764 et
714 3705 792 3776 ideo,
805 3724 845 3763 ne
856 3704 1014 3785 decipiami

88 3784 123 3840 in
132 3774 292 3844 edictibus
301 3784 423 3861 nostris,
435 3786 1014 3848 solemusiuConctouuusemesenum
