2152 4066
419 103 466 149 na
487 103 661 149 rneearrs.
941 84 1003 158 ari

99 248 158 311 An
174 247 288 326 singuli
312 254 407 320 actua,
430 249 541 327 quibus
560 248 604 310 sic
615 250 789 328 pervenitur
801 253 842 312 ad
852 254 1005 316 materiam

58 347 196 408 marem,
217 339 287 389 amr
296 328 421 388 totidem
433 341 555 408 peccata
568 330 723 392 mortalia?

101 408 167 469 111.
185 411 219 468 R.
234 409 313 468 Diat.
330 410 362 469 Si
372 410 439 486 quis
452 412 490 469 ab
500 410 586 469 initio
604 413 760 490 perplura
771 434 865 492 parva
882 434 936 474 seu
949 416 1005 483 mi-

58 497 138 548 nuta
150 488 287 548 intendat
300 492 456 567 pervenire
469 491 508 548 ad
531 492 682 550 materiam
697 514 829 573 gravem,
856 506 960 574 peccat
973 497 1004 554 in

58 566 193 647 singulis
204 569 322 629 actibus
335 571 497 629 mortaliter
509 573 548 629 ab
561 572 646 631 initio
660 572 820 632 secundbm
831 570 1006 654 gravitatem

58 651 198 713 matema
209 649 332 709 intmte
344 672 352 715 r
367 651 438 728 quia
448 651 604 729 quodlibet
616 653 765 712 minutum
775 655 911 733 procedit
923 659 939 714 i
953 677 1006 715 vo·

58 726 182 793 batere
190 750 245 791 seu
256 729 366 789 affectu
377 751 450 808 erga
458 730 610 790 materiam
624 752 757 809 gravent
765 743 906 812 tanquam
920 748 1005 795 actus

58 807 230 953 mins
242 812 281 871 ab
290 820 358 870 actu
372 811 546 889 imperante.
587 813 674 873 Circa
682 815 800 892 praxim
821 815 921 894 hujus,
937 817 1005 875 vide

169 913 189 952 a
200 898 229 958 ’1.

105 971 214 1031 Notati
223 970 342 1030 interim
355 981 462 1048 potest,
477 971 569 1048 quid,
583 972 639 1031 etsi
652 970 713 1044 ille,
724 974 778 1052 qui
791 994 819 1033 v.
830 994 861 1052 g.
874 976 912 1034 ab
923 975 1009 1035 initio

60 1048 195 1113 intendit
208 1071 265 1130 per
282 1051 397 1109 minuta
409 1052 491 1110 furta
505 1052 544 1110 ad
565 1072 708 1112 summam
729 1055 888 1114 notabilem
902 1076 1010 1132 perre-

61 1131 141 1202 nire,
154 1132 189 1191 in
211 1131 338 1207 singulis
363 1131 480 1191 actibus
499 1132 573 1191 furti
600 1144 704 1210 peccet
722 1135 894 1205 mortaliter,
908 1146 1008 1194 tamen

65 1210 74 1225 '
178 1232 240 1271 non
250 1222 356 1289 urgeat
366 1211 510 1289 obligatio
523 1212 720 1273 restitutionis
733 1216 790 1273 sub
798 1216 926 1287 mortali,
950 1215 1008 1276 nisi

63 1230 195 1353 md
207 1292 368 1351 notabilem
378 1293 574 1369 quantitatem
583 1294 728 1371 pervenit,

106 1372 162 1430 lv.
174 1372 207 1431 Si
222 1372 288 1450 quis
298 1382 398 1430 autem
410 1391 471 1431 non
484 1373 620 1432 intendat
629 1374 786 1452 pervenire
798 1375 837 1433 ad
856 1373 1008 1435 materiam

68 1471 203 1529 gravem,
211 1455 407 1511 tnnctantirm
421 1454 558 1531 peccabit
566 1455 740 1524 mortaliter,
751 1456 872 1535 quando
881 1456 1009 1517 advertit

69 1550 122 1597 tttl
132 1532 291 1593 novumn
301 1542 401 1609 potest
420 1545 450 1592 et
472 1533 562 1593 debet
583 1554 615 1593 ee
635 1534 792 1613 pervenire
805 1536 844 1593 ad
857 1537 1009 1595 materiam

67 1632 192 1689 grauem
204 1637 215 1685 ς
239 1613 321 1672 unde
340 1625 424 1672 actus
447 1615 561 1692 priores
586 1625 807 1693 eruntpeccata
820 1616 947 1675 venialia
971 1637 1008 1675 ex

66 1693 216 1770 parvitate
240 1695 390 1765 materiae3
416 1694 469 1752 sed
492 1706 584 1765 actus,
609 1716 671 1774 quo
695 1695 862 1773 completur
888 1698 1011 1756 materia

63 1774 179 1851 gravis,
194 1784 239 1834 eat
264 1785 419 1851 peccatum
441 1775 586 1847 mortale3
610 1775 682 1852 quia
703 1775 754 1834 ille
780 1775 903 1834 ultimus
926 1787 1010 1836 actus

63 1865 207 1915 masmar
221 1874 284 1914 esse
297 1856 377 1914 cirea
386 1855 538 1915 materiam
547 1876 676 1934 gravem,
687 1859 720 1915 eb
735 1856 815 1934 quid
825 1857 939 1934 priores
948 1878 1010 1916 rna-

61 1935 150 1995 terirn
161 1936 326 1995 coalescant
350 1955 418 1997 curn
432 1935 546 2005 ultima,
558 1948 588 1995 et
601 1936 643 1997 ita
657 1936 785 1995 volendo
798 1936 943 2006 nltimam,
964 1938 1011 1995 in·

60 2017 261 2094 terpretative
282 2016 369 2074 simul
392 2015 458 2073 vult
484 2016 599 2093 priores
630 2017 774 2075 materias.
816 2016 899 2074 Hinc
922 2017 1010 2075 etiarn

60 2115 173 2157 ornnes
185 2108 272 2156 actua
279 2107 437 2174 sequentes
450 2105 539 2155 erunt
551 2097 713 2155 mortaliter
730 2095 811 2154 mali.

106 2179 162 2237 An
176 2177 270 2255 igitur
283 2173 412 2236 materiis>
423 2196 584 2254 parvorum
597 2177 745 2237 furtorum
760 2196 812 2234 seu
826 2176 1012 2248 damnorum,

62 2267 206 2335 tempore
217 2259 310 2317 totius
320 2258 389 2315 viter
399 2257 632 2328 commissorum,
647 2257 837 2316 coalescunt?

108 2338 148 2395 V.
174 2339 209 2396 R.
235 2337 423 2397 Probabiliris
435 2337 606 2396 affirmative
619 2362 629 2410 ;
643 2338 700 2396 nisi
713 2338 827 2397 interea
839 2337 948 2396 damna
957 2339 1010 2396 ali-

63 2438 130 2495 qua
142 2419 203 2477 sint
216 2420 362 2487 restituta,
376 2417 551 2489 condonata,
566 2417 615 2476 vel
627 2438 681 2496 per
695 2417 896 2495 eleemosynas
907 2438 1010 2478 secun-

65 2498 145 2557 tldm
156 2499 350 2557 intentionem
366 2497 562 2556 Dominorum
577 2508 765 2576 compensata
773 2522 782 2570 ;
797 2500 950 2556 nonenim
966 2519 1010 2557 so-

66 2577 134 2637 lent
147 2579 280 2637 homines
294 2578 477 2636 modicorum
488 2578 663 2637 damnorum
677 2590 738 2637 tam
747 2591 879 2636 exactam
894 2579 1011 2653 exigere

66 2658 298 2730 restitutionem,
309 2658 362 2716 sed
372 2668 529 2717 censentur
538 2659 593 2717 ista
604 2659 725 2716 minima
735 2669 802 2734 poet
810 2659 922 2716 factum
933 2659 1010 2716 invi·

67 2758 136 2799 eem
151 2740 327 2809 condonare,
341 2739 390 2798 vel
405 2740 508 2799 saltem
522 2740 696 2808 consentire,
719 2748 754 2797 ut
766 2738 804 2795 ad
818 2739 1011 2797 intentionem

68 2838 176 2879 eorum
189 2820 298 2879 dentur
308 2821 509 2897 pauperibus;
524 2831 554 2878 et
566 2830 724 2897 propterea
736 2817 871 2876 homines
883 2819 926 2896 pii
935 2839 1011 2896 sape

68 2901 255 2977 pauperibus
265 2901 434 2978 largiuntur
448 2902 648 2978 eleemosynas
661 2899 803 2976 quasdam
815 2899 901 2956 etiam
917 2919 953 2957 ex
967 2901 1011 2957 in·

68 2979 206 3039 tentione
214 2982 276 3051 illa,
293 2992 327 3040 ut
339 2982 528 3052 satisfaciant,
541 2981 566 3038 si
585 2981 663 3039 forti
685 2979 758 3057 quid
772 2978 861 3037 alicui
875 2979 1010 3044 debeant.

70 3061 155 3119 Nota
167 3061 302 3138 proinde,
317 3062 397 3138 qudd
411 3062 519 3119 darana
531 3061 676 3130 restituta,
692 3059 858 3118 condonata
871 3059 918 3117 vel
934 3080 1011 3117 com-

69 3152 196 3219 pensata
207 3162 268 3200 non
278 3142 459 3213 coalescant;
472 3142 542 3219 quia
552 3141 637 3199 nullo
645 3140 731 3201 modo
739 3139 863 3216 amplius
872 3138 1014 3197 existunt.

111 3220 177 3280 Alii
191 3221 304 3292 dicunt,
328 3222 418 3300 quaid,
433 3233 468 3280 ut
489 3223 603 3279 minuta
625 3222 734 3280 damna
747 3219 796 3278 vol
809 3219 889 3277 furta
903 3220 1013 3277 coales-

71 3311 152 3371 cant,
166 3306 345 3381 requiratur,
359 3314 394 3361 ut
407 3303 467 3361 sint
479 3302 629 3360 moraliter
643 3302 823 3369 continuata,
837 3310 871 3357 ut
884 3299 968 3368 adeo,
989 3302 1013 3357 si

72 3381 133 3440 sint
148 3384 246 3462 amplo
259 3384 401 3465 temporis
415 3383 509 3460 spatio
532 3383 674 3460 sejuncta,
697 3401 758 3439 non
781 3379 896 3457 possint
921 3399 1013 3437 unum

70 3468 170 3522 totum
179 3466 366 3528 constituere.

65 3664 70 3671 Ι
92 3585 136 3643 N.
151 3583 219 3647 162.
241 3587 299 3649 DE
315 3582 691 3725 MATEgllllprleBglslIS
707 3581 799 3643 NON
815 3578 994 3643 COALES-

61 3777 88 3833 Ι.
109 3779 251 3865 Marma
266 3801 325 3840 aon
348 3784 524 3854 coalescunt,
551 3784 622 3846 dum
647 3792 796 3866 precepto
823 3789 889 3841 aurat
917 3793 1037 3836 auratae

89 3853 233 3920 mereboto.
250 3859 300 3917 ael
318 3876 436 3926 nonest
462 3868 566 3928 eadem
581 3867 737 3930 moraliter
752 3857 968 3940 transgressio.
1005 3847 1062 3903 bl·
