2160 4072
53 21 216 35 uun-*m-
266 21 495 27 ——·-—-—
514 22 539 25 —
556 22 560 25 ·
570 22 574 25 ·
585 22 593 25 -

354 109 566 168 aaacuaaus,
583 111 659 154 auc.
934 92 975 155 81

54 256 182 334 Spiritum
198 258 341 317 Sanctum
354 274 492 316 noneste
504 276 669 335 personam,
697 256 750 317 sed
765 257 825 317 Dei
838 258 977 318 virtutem

56 338 247 396 ttefficaciam.

83 418 191 476 Pariter
221 416 424 476 Mahometani
457 416 634 477 Trinitatem
661 418 821 497 rejiciunt,·
855 419 979 480 unicum

60 505 137 634 tpneu
151 499 254 556 Deum
271 497 448 575 profitentur
470 508 500 556 et
521 497 723 559 Muhometem
746 518 890 577 magnum
914 500 979 580 ejus

85 579 228 636 ohetam.

53 722 55 732 Ι
86 598 122 717 ll.
144 661 180 716 In
195 658 288 738 hujus
302 657 437 735 Mysterii
449 657 644 735 explicatione
658 679 726 718 cum
741 660 772 719 S.
788 658 895 719 Thom.
910 680 979 739 age-

61 740 108 795 'nus
122 738 160 798 1⁰.
181 745 201 771 ‘·
213 738 252 795 de
261 738 499 815 processionibus
509 738 634 798 divinis:
647 741 664 763 ”
684 738 725 797 2⁰.
749 738 817 799 “de
830 740 979 800 relationi·

65 818 146 876 “bust
158 821 174 843 ”
197 818 238 877 3⁰.
253 825 274 851 “
283 818 320 877 de
372 819 467 876 rsonis
475 841 485 890 3
494 823 511 845 '’
526 819 596 896 quia
609 839 646 878 ex
658 819 766 878 horum
774 820 880 879 notitia
888 821 980 881 habe-

64 899 227 956 turomnium
240 897 338 957 difficu
351 908 457 968 tatum,
470 897 615 976 quantiam
626 900 774 978 nobisper
784 900 938 979 speculum
949 903 979 960 in

62 979 195 1054 enigmate
213 978 386 1037 videntibus
405 978 545 1054 possibile
564 989 618 1050 est,
642 979 818 1058 explicatio:
846 1001 980 1059 personae

62 1058 118 1115 mim
127 1058 350 1118 constituuntur
360 1057 624 1136 etdistinguuntur
632 1060 824 1119 relationibus
834 1062 964 1121 realibus
971 1084 980 1133 3

58 1138 196 1197 relationes
204 1151 304 1198 autem
314 1138 980 1218 realesfundanturinprocessiouibusdivinis.

121 1302 158 1358 N.
174 1309 222 1366 57.
254 1301 312 1359 DE
336 1300 700 1362 PROCESSIONIBUS
721 1301 900 1361 DIVINIS.

267 1468 271 1473 ·
354 1443 385 1501 S.
404 1443 501 1503 Thoar.
515 1452 611 1523 φασι.
625 1447 680 1510 27.v

53 1564 71 1628 l.
96 1571 242 1630 Processio
262 1571 418 1650 generatim
468 1572 510 1633 II.
538 1572 592 1631 Eat
613 1571 725 1651 duplex,
749 1592 805 1630 una
830 1574 870 1631 ad
890 1582 979 1646 extre,

80 1651 167 1709 ultera
182 1650 223 1708 ud
245 1652 329 1711 intra.
370 1650 432 1711 111.
457 1652 521 1712 Ureu
539 1671 660 1730 persona
685 1673 738 1713 nun
762 1663 801 1713 est
824 1674 911 1712 cause
933 1656 982 1715 sed

76 1730 249 1808 principium
261 1730 368 1791 tuatim
382 1729 506 1789 ulterius.

82 1859 104 1916 l.
129 1859 360 1921 PROCESSIO
374 1860 418 1918 nil
429 1858 571 1933 estaliud,
586 1862 677 1939 quim
689 1860 846 1938 productio
856 1880 907 1921 seu
920 1881 980 1920 em-

53 1940 137 1997 matio
149 1939 243 2001 unius
254 1942 292 2001 ab
304 1940 378 1999 alios
393 1940 436 2000 sic
446 1940 555 2002 fluvius
565 1942 673 2001 dicitur
682 1940 845 2020 procedere
855 1940 873 2000 ὲ
885 1941 980 2012 fonte,

53 2019 109 2096 loia
120 2021 160 2079 ab
175 2039 211 2078 eo
223 2031 349 2081 emanat.

80 2098 124 2163 ll,
146 2101 300 2161 Processio
311 2102 401 2160 unius
415 2103 452 2160 ab
463 2101 521 2160 alio
532 2101 643 2180 duplex
654 2111 708 2171 est,
723 2120 783 2159 una
797 2100 867 2158 “ad
880 2103 981 2157 extra”

53 2198 92 2238 reu
114 2181 274 2253 transiens,
309 2184 378 2241 crim
405 2201 453 2240 res
475 2182 622 2260 producta
641 2181 763 2261 ponitur
786 2189 870 2239 extra
894 2199 982 2238 suum

53 2260 232 2339 arinmpium,
260 2271 295 2322 ut
316 2261 393 2320 inter
406 2261 541 2321 homines
556 2262 634 2321 filius
649 2271 731 2321 extra
743 2270 869 2339 patrem,
894 2271 924 2318 et
939 2261 981 2318 sic

53 2351 184 2401 mursa
196 2361 300 2402 omnes
313 2342 332 2400 d
345 2343 413 2401 Deo
426 2342 603 2419 procedunt,
631 2352 665 2401 ut
678 2351 780 2421 postea
792 2340 960 2399 videbimus
966 2363 980 2413 3

53 2418 132 2480 itera
142 2422 294 2501 processio
304 2432 350 2482 est
363 2422 430 2481 “ad
439 2423 534 2481 intra’'
548 2442 599 2482 seu
613 2423 786 2492 immanens,
797 2420 869 2479 dum
880 2418 982 2478 termi-

53 2519 97 2560 rus
105 2502 273 2580 productus
286 2503 363 2561 intra
373 2522 460 2561 suum
469 2503 650 2581 principium
661 2511 780 2572 manet3
795 2501 837 2559 sic
850 2499 982 2559 intellec·

53 2580 83 2638 io
94 2594 200 2642 manet
212 2580 426 2642 inintellecta:
442 2583 481 2641 de
495 2583 551 2642 hac
560 2582 748 2661 processione
759 2581 809 2639 hic
822 2578 982 2656 agendum.

83 2663 167 2736 Quid
183 2673 228 2723 est
242 2664 343 2722 divina
354 2663 504 2742 processio
516 2664 554 2721 ad
567 2664 667 2723 intra?

83 2744 121 2803 R.
129 2740 141 2791 -’
152 2746 211 2803 Est
223 2744 369 2802 emanatio
380 2746 470 2802 unius
480 2762 615 2823 personae
628 2745 666 2801 ab
690 2741 792 2812 altera,
811 2750 953 2819 tanquam
967 2744 983 2796 ei

53 2822 193 2904 principio
202 2823 391 2903 productivo.

82 2903 143 2962 ΙΙΙ.
159 2903 297 2964 Observa
306 2904 408 2983 itaque
415 2906 447 2963 in
457 2905 566 2963 divinis
576 2924 666 2962 unam
676 2922 832 2982 personam
842 2921 903 2986 non
912 2920 981 2979 pro-

53 2984 146 3043 adera
159 2987 198 3044 ab
208 2984 267 3044 alia
277 2985 339 3043 utd
351 3006 447 3059 causa,
462 2984 514 3044 sed
523 2999 557 3042 ut
568 2985 585 3047 d
595 2985 744 3062 principio
752 2985 879 3053 tantum,
894 2981 982 3039 adeo·

53 3082 176 3141 perron
189 3064 299 3125 debere
309 3066 420 3124 habere
429 3085 494 3124 esse
504 3065 677 3123 distinctum
688 3066 726 3123 ab
735 3058 796 3132 illa,
811 3063 829 3122 ὲ
842 3082 901 3140 qua
913 3080 982 3138 pro·

53 3142 129 3216 aedit,
143 3165 245 3224 neque
256 3164 319 3204 esse
332 3148 370 3204 ab
380 3146 433 3204 illa
446 3145 625 3223 dependens,
640 3154 692 3203 aut
701 3143 752 3201 ills
766 3142 924 3222 posterius.

80 3226 181 3299 Proba
193 3225 259 3285 dari
272 3227 488 3303 processionem
500 3226 533 3283 in
545 3226 611 3284 Deo
624 3226 662 3283 ad
675 3225 762 3286 intra.

80 3305 116 3366 R.
134 3306 284 3365 Probatur
298 3326 335 3364 ex
357 3307 473 3364 Psalmo
484 3315 512 3364 2.
537 3325 565 3362 v.
589 3314 616 3372 7.
648 3304 774 3364 “Filius
787 3322 871 3360 meus
885 3320 916 3359 es
936 3311 979 3369 tu,

53 3390 65 3416 s‘
76 3404 132 3464 ego
144 3384 238 3445 hodie
246 3387 340 3464 genui
352 3397 398 3445 te:
409 3391 426 3412 ’'
448 3386 524 3444 Psal.
542 3392 606 3455 109.
621 3406 649 3444 v.
664 3393 693 3445 3.
722 3385 803 3443 “Ex
817 3394 902 3440 utero
913 3391 982 3439 ante

53 3470 66 3496 ·‘
75 3465 237 3543 luciferum
249 3467 342 3544 genui
354 3476 404 3538 te3
417 3469 434 3491 ”
453 3465 605 3545 generatio
613 3476 712 3524 autem
722 3463 783 3522 sine
797 3461 982 3540 processione

53 3543 169 3625 nmuigi
182 3546 307 3625 nequit:
322 3546 392 3604 item
408 3546 543 3605 Christus
557 3546 642 3619 Joan.
657 3565 721 3624 cap.
738 3551 764 3604 8.
780 3562 810 3603 v.
825 3548 873 3601 42.
888 3540 979 3602 didit:

53 3630 68 3657 ¹‘
77 3624 143 3705 ligo
157 3646 195 3685 ex
209 3628 278 3686 Deo
289 3626 448 3705 processi.”
488 3693 491 3697 ,
540 3694 544 3703 ,

83 3706 153 3787 obj.
177 3708 202 3767 l.
224 3704 310 3764 Deus
323 3718 367 3765 est
380 3707 398 3766 el
412 3726 451 3777 se,
473 3700 557 3787 atqui
584 3706 716 3767 Persona
736 3702 910 3788 procedens
926 3722 996 3762 aron

53 3786 164 3855 ertias,
184 3784 290 3844 sedala
302 3785 359 3844 alia
366 3810 381 3859 ;
402 3806 485 3867 ergo,
510 3800 568 3849 etc.
