2160 4072
65 102 110 168 tt
459 120 660 171 nsacrerns

107 277 221 329 emant
234 270 358 347 ipsorem
371 275 485 333 amm.
513 269 554 331 V.
567 269 635 329 Nou
653 267 853 327 Vinearum
868 263 999 329 ammas

105 348 292 426 cogitationes.
333 349 389 408 VI.
428 349 487 408 Nec
510 348 603 407 omnia
622 345 781 425 possibilia.
850 343 908 407 Vl.
947 346 1000 414 Nat

104 427 199 487 omnia
213 427 272 486 Dei
284 427 406 487 decreto.

109 551 424 618 SECUNDARIUM
445 557 565 617 visionis
578 556 722 618 beatificae
734 554 886 635 objectum
900 552 999 616 consti·

68 646 160 696 tunnt
170 647 322 712 creatura,
344 647 379 697 ut
392 637 571 697 dictumest.

108 718 261 791 Quaeritur
275 717 349 795 quid
371 718 409 777 (le
422 719 566 778 creaturis
580 717 701 777 videant
720 715 828 776 Beati?

109 796 136 857 Ι.
151 798 185 857 It.
203 797 353 876 Imprimis
367 798 471 859 uident
483 799 560 859 clare
568 800 723 858 veritatem
737 816 840 856 eorum
854 794 1007 877 mysterio]

28 904 34 911 ·
69 881 146 949 rum,
168 896 295 956 qnorum
318 879 369 938 hle
392 878 482 939 iidem
507 878 687 950 habuerunt,
709 877 779 957 quia
800 876 875 936 fides
898 874 1001 935 ibidem
1023 906 1026 917 =

71 970 231 1031 evacuatur
243 979 297 1036 per
312 959 422 1019 claram
435 959 587 1019 visionem.
996 972 999 980 '

113 1038 155 1098 ll.
170 1040 240 1097 Non
251 1051 349 1098 tamen
361 1038 464 1099 vident
478 1059 580 1098 omnes
590 1039 799 1118 mysteriorum
814 1037 1001 1117 circumeam

70 1118 136 1192 tias,
146 1129 181 1178 ut
193 1129 276 1197 patet
290 1117 328 1178 de
338 1119 387 1178 die
397 1120 494 1179 ultimi
503 1119 622 1199 judicii,
629 1140 719 1198 quem
729 1129 763 1177 ut
777 1117 888 1177 dicitur
901 1112 1001 1176 Mattlt

72 1216 136 1277 cap.
161 1205 209 1257 24.
230 1220 258 1257 v.
274 1199 321 1259 36.
344 1201 474 1260 “Nemo
488 1201 553 1271 scit,
577 1221 676 1279 neque
689 1197 803 1277 Angeli
821 1197 969 1256 Coelorum
978 1194 1002 1268 3³¹

72 1277 176 1339 vident
190 1298 261 1356 ergo
275 1280 411 1339 futurum
421 1279 573 1359 judicium
595 1278 774 1350 universale,
799 1277 854 1337 sed
880 1276 1002 1359 eircum'f

73 1361 210 1420 stantiam
224 1362 366 1438 temporis
380 1380 440 1420 non
451 1360 564 1421 vident.

114 1439 175 1500 111.
192 1439 233 1500 2⁰.
244 1440 356 1499 Vident
370 1450 463 1499 totam
477 1441 581 1500 mundi
595 1439 773 1509 machinam,
795 1435 951 1519 generales
961 1453 1003 1494 re

71 1537 141 1579 rum
153 1520 265 1598 species
278 1540 313 1579 ac
326 1521 531 1599 proprietates,
550 1531 581 1580 et
593 1520 758 1599 generatim
771 1524 880 1587 omnia,
895 1512 1005 1597 quaead

73 1600 284 1679 perfectionem
299 1602 429 1659 universi
451 1602 609 1679 pertinent.
653 1598 763 1660 Omnia
786 1610 886 1659 tamen
907 1597 1005 1679 singu·

72 1680 146 1738 laria
159 1699 221 1738 non
230 1680 393 1751 intuentur,
414 1681 456 1740 ait
470 1682 499 1741 S.
515 1682 645 1741 Thomas
659 1680 698 1738 ad
712 1688 741 1741 4.

114 1760 169 1821 1v.
184 1759 225 1820 3⁰.
241 1760 400 1821 intuentur
413 1763 521 1834 omnis,
542 1780 609 1840 quoe
619 1760 658 1820 ad
672 1760 738 1820 illos
753 1769 889 1839 spectant
897 1757 1006 1821 ratione

75 1839 175 1911 status,
189 1840 461 1918 officu,drgn1tat1s,
475 1854 530 1902 etc.
543 1862 608 1921 quoe
619 1841 865 1911 hichabuerunt3
880 1838 924 1899 sic
935 1836 1007 1899 Pon·

74 1919 148 1978 tifex
159 1920 243 1979 videt
255 1931 364 1980 statum
380 1921 539 1982 Ecclesiae:
563 1921 749 1982 Fundatores
764 1918 927 1990 Ordinum,
943 1936 1006 2011 quse

74 2000 113 2059 ad
129 2000 259 2060 Ordines
270 2021 337 2061 suos
351 2003 488 2074 attinent,
502 2002 604 2062 saltem
614 2002 774 2082 praecipua.
796 1999 909 2058 Vident
924 2009 1008 2059 enam

75 2079 159 2139 Beati
169 2100 282 2160 preces,
293 2101 367 2159 quas
381 2082 515 2142 viventes
528 2083 566 2142 ad
573 2103 622 2142 eos
646 2080 791 2160 dirigunt,
799 2079 874 2139 olm
886 2078 936 2138 hae
946 2097 1009 2159 spe·

76 2160 188 2220 cialiter
198 2162 277 2241 ipsos
288 2174 322 2221 ut
332 2163 540 2222 intercessores
554 2171 698 2243 spectent.

78 2245 82 2253 '
115 2240 165 2299 Ex
178 2240 266 2300 dictis
275 2242 464 2322 intelligitur,
478 2244 625 2322 quomod&
639 2262 717 2303 unus
729 2242 854 2302 Sanctus
866 2238 957 2321 plura
964 2236 1012 2295 rel

77 2320 134 2381 alis
148 2321 250 2381 videre
263 2323 366 2399 possit,
381 2323 473 2401 quim
486 2323 571 2383 alter.

118 2402 263 2477 Quaenam
278 2414 348 2462 sunt
361 2423 404 2473 ea,
420 2424 487 2482 quae
500 2404 584 2463 Beati
598 2422 659 2461 non
673 2402 799 2462 videnti

83 2497 85 2502 ·
115 2481 204 2540 V.'R.
221 2482 267 2540 Ex
283 2482 371 2542 dictis
384 2503 444 2542 non
468 2484 572 2544 vident
593 2482 692 2543 omnia
716 2481 886 2560 singularia,
914 2499 1012 2559 neque

77 2562 176 2622 omnia
190 2564 392 2641 contingentia
405 2564 508 2636 libera,
535 2585 601 2643 quae
617 2584 666 2622 eos
679 2583 740 2621 non
755 2571 944 2621 concernunt
952 2583 964 2635 ,¹
984 2566 1013 2619 et

77 2643 119 2702 ita
135 2661 196 2701 non
210 2642 314 2702 vident
335 2664 436 2703 omnes
460 2644 613 2703 hominum
628 2643 830 2723 cogitationes,
845 2644 916 2700 crim
930 2638 962 2699 id
977 2641 1014 2699 sit

80 2725 146 2781 Deo
159 2723 326 2801 proprium,
351 2723 470 2783 dicente
499 2723 663 2794 Psalmisti,
690 2722 797 2782 Psalm.
815 2729 849 2790 ,7.
873 2741 903 2785 ν.
928 2728 1014 2780 10.-

79 2809 99 2836 “
114 2802 255 2862 scrutans
276 2803 365 2863 corda
378 2816 409 2864 et
422 2824 507 2864 renes
522 2805 635 2864 Deus.’'

117 2883 174 2942 VI.
189 2883 222 2943 2⁰
236 2884 322 2942 Beati
344 2885 510 2943 secundum
537 2885 566 2944 S.
593 2883 701 2944 Thom.
728 2882 823 2941 hicio
845 2879 932 2959 Corp.
954 2900 1015 2940 non

78 2964 182 3023 vident
203 2972 313 3021 omnes'
328 2977 478 3024 creaturas
489 2962 653 3044 possibiles,
676 2982 776 3041 neque
788 2961 894 3022 vident
905 2961 1014 3032 omnia,

79 3060 146 3124 quae
159 3043 191 3102 in
201 3042 268 3101 Deo
278 3044 441 3104 eminenter
449 3048 566 3104 tantum
577 3045 774 3105 continentur.

120 3124 191 3183 Vll.
208 3122 250 3182 4⁰.
272 3124 380 3204 Neque
393 3125 497 3185 vident
520 3126 618 3184 omnia
634 3125 751 3205 judicia
768 3134 799 3183 et
811 3121 932 3183 decreta
956 3122 1015 3181 Dei

80 3207 182 3276 libera,
198 3204 297 3282 quoad
310 3207 548 3265 terminationem
561 3205 687 3267 liberam
703 3205 741 3265 ad
755 3213 913 3264 creaturas.

83 3372 87 3381 ·
151 3350 192 3412 n.
208 3357 255 3412 er.
269 3349 328 3408 on
347 3349 486 3420 nono,
509 3348 601 3425 Quo
623 3348 754 3410 unsri
775 3343 946 3407 worm

420 3430 682 3492 enniconis,

231 3577 235 3584 '
329 3574 361 3632 S.
386 3573 483 3632 Thoen.
497 3582 592 3653 quoest.
610 3581 654 3633 12.
669 3582 725 3632 art.
738 3581 766 3640 9.

74 3676 101 3779 l.
115 3715 238 3793 Duplex
248 3735 310 3775 eme
321 3723 527 3777 creaturarum.
568 3717 611 3777 11.
628 3715 774 3775 Creoturoe
787 3712 877 3774 sideri
901 3724 1017 3793 possunt

99 3795 133 3858 in
145 3793 261 3879 sariram.
305 3796 371 3858 111.
387 3795 537 3872 Quomodo
552 3795 640 3858 Beati
652 3800 822 3872 mgmrcast
833 3800 990 3871 creaturas.
