2160 4072
79 98 148 169 864
416 168 425 189 ‚
447 117 665 167 suemus

77 287 130 327 seu
143 264 280 327 venialis·
319 264 390 325 Alia
399 265 560 343 scripturo
574 275 605 325 et
618 266 672 327 SS.
686 265 812 327 Pstmm
827 267 861 327 lo

77 367 142 406 rem
155 345 226 405 vide
239 342 321 424 apud
331 345 448 405 Estium
459 346 490 405 in
500 344 621 405 secund.
640 346 701 405 dist
715 351 768 404 42.
782 346 836 422 54.

120 427 268 487 Probatur
280 426 369 487 etism
383 427 400 485 ὲ
421 426 553 485 rationes
578 425 611 484 in
623 425 707 485 omni
718 426 861 488 'sociem

78 506 167 566 niunt
187 505 269 566 leves
282 505 420 585 quoedsm
442 505 559 565 offensae
578 526 646 584 quae
657 506 821 566 amicitiam
843 529 861 567 n

79 597 177 647 vuntr
199 605 283 665 ergo,
296 597 328 647 et
339 585 414 645 toles
425 585 535 647 dantur
547 585 580 644 in
589 587 731 646 societate
743 597 776 646 et
788 588 861 648 unic

80 668 170 726 homo
183 666 276 727 habet
290 686 359 726 cum
370 666 448 726 Deo.
479 665 598 726 Deinde
610 686 771 726 nonomne
783 688 861 747 pecc

80 746 215 807 ordinem
225 748 265 807 od
279 747 368 805 finem
377 745 516 806 ultimum
527 769 538 818 ς
558 767 631 825 ergo
641 766 703 806 nou
716 767 806 808 omne
816 768 861 828 pe<

79 826 213 887 mortale.

119 906 191 999 obj.
206 906 233 968 1.
247 905 356 967 Matth.
371 926 436 984 cup.
451 911 478 965 5.
493 925 523 964 v.
536 915 583 977 19.
597 905 671 967 dicit
679 906 844 979 christum

80 995 99 1023 “
110 996 187 1046 verit
200 1006 295 1045 unum
308 986 347 1045 de
370 984 517 1045 mandatis
531 986 594 1049 istis
615 987 862 1047 minimis...miui

78 1067 191 1126 “bitur
205 1067 237 1126 in
250 1069 357 1145 Regno
370 1066 521 1126 Coelorum
530 1068 559 1138 ;'’
587 1088 658 1149 ergo
678 1070 861 1148 transgressi

78 1145 192 1219 minimi
205 1156 251 1213 est
264 1146 418 1213 mortalit..
780 1206 783 1211 .

118 1226 154 1286 R.
170 1229 248 1306 Neg.
274 1247 392 1306 conseq.
409 1228 487 1286 Num
510 1227 650 1286 mandata
676 1229 733 1287 ista
755 1231 861 1289 tantun

76 1304 201 1366 minima
212 1306 377 1369 secundum
389 1307 495 1366 fulsum
507 1307 723 1367 Pharisaeorum
733 1309 860 1387 opinion

78 1390 148 1446 vero
161 1389 265 1466 gravis
277 1398 372 1458 erant,
397 1388 460 1446 sive
473 1389 566 1446 verbs
579 1387 690 1447 Christi
714 1408 784 1449 cum
798 1393 861 1468 Aug

78 1466 156 1528 feras
165 1468 204 1527 sd
213 1468 427 1539 antecedentis,
451 1465 514 1526 sive
536 1487 604 1526 cum
627 1468 844 1547 Chrysostomo

79 1549 210 1625 quentis,
224 1549 337 1608 scilicet
346 1549 385 1607 sd
394 1549 478 1616 irum,
492 1546 643 1626 injuriam,
658 1560 714 1608 etc.

118 1626 425 1707 obj.11.Jom.eap.
443 1635 488 1687 13.
503 1648 530 1685 v.
547 1634 574 1689 8.
585 1629 659 1688 dicit
673 1628 812 1688 Christus
828 1632 861 1690 Pr

81 1713 109 1741 ‘⁶
115 1727 177 1766 non
187 1707 290 1767 luceto
297 1720 338 1779 te,
348 1728 409 1766 non
422 1708 550 1767 habebis
560 1719 677 1786 portem
686 1729 806 1768 mecum
816 1714 846 1782 ;'’

120 1787 156 1847 R.
172 1789 249 1866 Neg.
260 1807 370 1867 conseq
392 1788 472 1866 quis,
486 1788 542 1846 etsi
549 1788 695 1848 recusatio
710 1789 801 1860 Petri,
816 1811 860 1868 qu

80 1877 166 1946 serat,
181 1865 229 1926 vel
241 1867 360 1926 nullum
370 1868 408 1927 sit
421 1877 588 1946 peccatum,
611 1868 660 1927 vel
680 1868 787 1928 saltem
798 1891 861 1929 non

80 1947 199 2027 culpam
213 1947 369 2019 venialem,
393 1947 445 2007 iila
457 1958 566 2020 tomen,
582 1954 763 2026 quae'secuta
776 1950 861 2009 fuiss«

80 2028 191 2088 Christi
205 2029 472 2100 comminationem,
484 2029 589 2088 fuisset
599 2050 690 2108 grave
700 2029 861 2089 inobedien

82 2118 157 2168 tum.

89 2228 93 2235 -
121 2191 193 2269 Obj.
209 2191 271 2252 111.
293 2192 453 2252 Peccatum
474 2190 591 2250 veniale
615 2212 675 2249 non
697 2193 861 2251 remittitur

79 2268 311 2331 misericordiam
332 2272 391 2332 Dei
402 2295 413 2343 3
438 2291 510 2349 ergo
530 2272 564 2330 esi
588 2272 727 2350 sepositi,
755 2285 861 2332 mereti

82 2358 231 2409 eternam.

71 2470 74 2475 ,
120 2431 155 2488 R.
171 2431 316 2496 Quamvis
325 2431 460 2493 remissio
469 2434 583 2510 peccati
594 2433 717 2492 venialis
730 2434 769 2492 sit
780 2455 816 2492 ex
826 2455 859 2492 m

81 2509 150 2581 Dei,
164 2510 216 2569 ills
238 2522 338 2570 tamen
352 2532 405 2570 suo
418 2512 509 2571 modo
523 2515 623 2572 debita
642 2524 687 2571 est
705 2513 821 2572 homini
833 2538 836 2545 ·
843 2515 859 2592 j

80 2591 193 2667 petenti
206 2614 215 2650 ε
228 2612 297 2650 mun
305 2602 461 2670 peccatum
476 2594 591 2652 veniale
605 2614 664 2652 non
674 2593 753 2651 tollit
768 2595 861 2653 divim

79 2669 161 2740 tiam,
175 2690 232 2730 nec
245 2672 343 2731 aufert
356 2673 537 2751 principium
552 2674 656 2733 abillo
676 2676 858 2753 resurgendi

120 2750 181 2810 Ob.
197 2752 251 2810 IV.
264 2753 423 2811 Peccatum
437 2752 553 2813 veniale
562 2766 607 2813 est
617 2754 713 2832 majus
728 2756 851 2825 malum,

78 2850 118 2888 na
132 2840 251 2901 eterna,
259 2832 348 2912 juxte
363 2834 453 2891 Num.
467 2841 554 2907 149.;
570 2855 641 2912 ergo
655 2834 733 2892 illam
747 2846 861 2894 meretu

88 2941 91 2947 ,
118 2911 155 2969 R.
171 2913 251 2989 Neg.
266 2931 384 2990 conseq.
406 2925 563 2990 peccatum
590 2914 705 2973 veniale
729 2915 853 2992 quidem

78 2988 191 3048 malum
201 2990 233 3048 in
245 2992 358 3052 ratione
368 2992 473 3070 culpae,
489 2996 553 3052 cum
564 2995 653 3072 culpa
667 2995 706 3052 sit
719 3005 822 3055 contra
841 2997 861 3054 b

77 3069 151 3129 tutis
165 3082 196 3130 et
220 3072 330 3142 Deum,
345 3093 434 3151 poenu
454 3074 524 3132 vero
546 3077 659 3133 tantum
673 3086 774 3133 contra
788 3095 861 3133 comi

76 3160 208 3211 naturae:
234 3151 287 3210 sed
300 3173 361 3211 non
375 3164 420 3212 est
432 3154 527 3233 majus
541 3154 664 3225 malum,
687 3156 719 3212 in
742 3155 858 3213 ratione

80 3231 121 3290 sic
136 3231 214 3291 eninr
228 3233 283 3291 soli
293 3233 411 3292 mortali
429 3233 556 3293 debetur
576 3255 666 3313 poena
690 3245 808 3294 aeterna.
853 3237 862 3294 l

83 3311 153 3370 vide
173 3313 255 3389 apud
270 3313 406 3391 Sylvium
420 3324 449 3371 et
463 3315 612 3392 Wiggers.

81 3428 118 3487 N.
144 3439 211 3491 155.
233 3435 291 3492 DE
314 3434 611 3494 DIFFERENTIA
633 3437 768 3494 INTER
794 3436 861 3494 PE(

294 3513 503 3573 MORTALE
526 3517 582 3574 ET
604 3516 812 3577 VENIALE.

82 3626 97 3683 Ι
100 3669 108 3684 .
122 3628 305 3707 Drfferentioe
318 3633 391 3692 inter
397 3641 541 3711 peccatum
556 3634 671 3692 mortale
689 3644 718 3694 et
740 3636 861 3696 veniale.

357 3720 421 3771 sunt
447 3733 505 3772 erse
524 3714 646 3789 ejusdcm
658 3713 754 3789 speici.

36 3814 105 3840 Δ·
112 3810 354 3877 mJOMODO
367 3825 535 3895 peceatum
547 3810 678 3870 moenie
686 3819 720 3865 et
727 3808 861 3864 uenxme'r

187 3900 202 3961 ἰ
