2160 4072
366 117 412 161 aa
436 114 676 161 consumans.
935 100 1000 171 389

91 261 367 337 Quomodo'ierom
381 272 434 333 est,
456 261 536 340 quod
559 259 737 322 conscientia
757 262 796 322 sit
815 276 908 336 actus,
930 265 999 328 edm

53 354 139 403 nctus
149 355 288 415 transeat,
302 343 481 404 couscientia
493 346 563 402 vero
579 363 657 422 saepe
670 354 787 403 maneat
799 344 832 403 in
844 347 1000 407 nobisuon

96 426 238 484 entibus?

53 442 131 562 ¹gli.
146 505 235 577 Quia,
250 504 320 563 licet
330 505 478 563 dictamen
488 504 674 564 conscientiae
688 505 848 564 secundum
870 526 998 585 praesen·

53 583 125 643 tiam
136 585 282 645 actualem
291 585 450 655 transierit,
472 603 550 663 soepe
560 596 659 644 tamen
674 583 785 644 virtute
799 606 850 645 seu
866 587 1000 647 virtuali-

53 673 100 725 cer
113 675 292 743 perseverat.

93 745 193 804 Aliam
202 746 421 824 responsionem
431 744 601 824 suppeditat
617 744 646 802 S.
664 745 771 804 Thom.
782 744 849 804 loco
859 749 908 807 cit.
921 748 961 806 ad
972 757 999 809 3.

53 842 161 904 nempe
171 827 255 904 quod
268 826 445 885 conscientia
459 836 577 884 marreat
589 825 621 881 in
645 825 706 883 suis
731 825 823 885 causis
845 847 915 904 quaa
930 840 1000 889 sunt

53 902 182 976 habitus,
193 906 354 984 praesertim
368 909 437 964 vero
445 906 478 963 in
486 904 647 984 synderesi,
659 925 725 984 quae
740 917 897 985 propterea
910 909 1008 968 etiam·

53 982 204 1044 interdmu
219 987 398 1046 conscientia
411 987 531 1045 dicitur.

93 1065 149 1125 lv.
177 1066 234 1125 Pro
264 1067 393 1144 pleniori
425 1066 623 1144 intelligentia
655 1066 873 1126 observandum
901 1088 939 1128 cx
968 1070 998 1128 S.

53 1142 160 1205 Thoan.
172 1146 380 1207 conscientiam
393 1147 486 1224 accipi
495 1166 580 1225 posse
590 1145 799 1208 diversimode.

92 1227 133 1286 Et
151 1227 189 1285 1⁰.
200 1229 323 1304 quidem
337 1246 394 1304 pro
407 1228 471 1306 ipsa
483 1226 612 1285 hominis
625 1227 722 1285 anima
735 1247 787 1288 seu
801 1238 910 1299 mente,
932 1249 995 1306 quo

53 1306 142 1365 modo
162 1306 236 1366 dicit
259 1307 421 1386 Apostolus
440 1307 481 1366 ad
506 1307 584 1365 Heb.
610 1327 636 1366 c.
650 1315 679 1378 9.
700 1328 728 1365 v.
746 1316 792 1368 14.
833 1309 997 1387 “Sanguis

55 1387 379 1448 “Christi...emundat
391 1386 601 1447 conscientiam
619 1389 777 1446 nostram.”

90 1466 133 1527 2⁰.
155 1468 312 1546 Accipitur
335 1469 499 1527 secundum
514 1466 596 1545 quod
615 1468 854 1545 recognoscimus
874 1489 928 1527 nos
942 1470 996 1529 ali-

56 1612 59 1617 ,
93 1547 125 1606 ‘d
139 1547 244 1606 fecisse
257 1548 305 1606 vel
317 1568 377 1607 non
385 1549 498 1616 fecisse,
508 1547 665 1606 eteatentls
675 1547 804 1607 includit
816 1549 998 1610 memoriam.

85 1648 121 1688 oc
135 1628 222 1685 modo
231 1627 341 1687 dicitur
352 1628 532 1688 conscicntia
541 1627 652 1697 testari,
661 1627 732 1705 quia
745 1640 790 1688 est
798 1631 887 1706 xquasi
901 1630 1000 1703 testis3

55 1700 121 1769 linc
134 1712 239 1786 Apost.
252 1708 292 1766 ad
313 1711 395 1767 Rom.
411 1730 475 1788 cap.
493 1712 521 1766 9.
536 1728 564 1766 v.
582 1718 609 1768 1.
650 1710 901 1769 “Testimonium
922 1711 996 1769 mihi

56 1788 260 1866 “perhibente
269 1789 452 1849 conscientit
466 1791 560 1847 mel?

84 1870 129 1929 3⁰.
145 1869 281 1927 Sumitar
293 1869 454 1928 secundum
478 1868 560 1947 quod
570 1867 750 1947 judicamus,
778 1889 832 1928 nos
851 1871 928 1929 bend
946 1872 995 1930 vel

53 1948 123 2009 nali
137 1948 251 2018 fecisse,
273 1949 358 2027 quod
370 1950 495 2008 fecimus
503 1972 513 2021 3
541 1954 615 2007 etet
629 1950 745 2008 ratione
758 1949 938 2009 conscientia
950 1951 995 2009 di·
1013 1989 1015 1995 -

53 2027 127 2089 titur
140 2048 292 2098 excusare,
301 2029 350 2087 vel
363 2047 500 2089 accusare
514 2048 566 2086 seu
579 2028 755 2090 remordere.

81 2110 129 2170 4⁰.
146 2109 280 2169 Samitur
300 2129 357 2186 pro
378 2109 537 2167 dictamine
559 2104 680 2167 rationis
701 2110 894 2169 antecedente
913 2122 996 2171 actua

53 2200 167 2251 nostros
178 2212 188 2260 3
199 2198 229 2248 et
242 2189 300 2247 hoc
313 2189 402 2248 modo
415 2188 594 2248 conscientia
606 2188 697 2247 habet
711 2189 934 2251 similitudinem
945 2192 995 2270 ju·

53 2267 134 2340 licis,
148 2268 318 2347 diciturque
331 2270 426 2347 ligare
440 2281 470 2329 et
481 2269 624 2348 instigare
638 2290 689 2328 seu
704 2270 854 2330 inducere.

81 2349 130 2412 5⁰.
145 2349 281 2423 Sumitur
293 2347 472 2429 quaudoque
491 2371 546 2428 pro
561 2351 628 2429 ipso
641 2350 747 2409 habitu
762 2351 938 2430 synderesis,
961 2362 995 2411 ut

53 2431 165 2493 lictum
181 2440 234 2488 eat.

82 2512 139 2571 De
152 2511 331 2570 conscientia
344 2520 450 2590 quarto
457 2511 546 2570 modo
553 2522 675 2589 accepta
686 2509 806 2589 propria
819 2511 868 2570 hic
881 2512 996 2589 agitem

53 2592 120 2672 [uia
132 2589 185 2649 illa
199 2591 260 2649 sola
272 2603 412 2670 tanquam
426 2590 530 2669 regula
541 2591 676 2670 proxima
689 2590 787 2651 influit
804 2592 835 2649 in
848 2593 995 2653 actionem

53 2670 217 2732 tenendam
232 2672 280 2729 vel
293 2671 493 2730 omittendam.

108 2832 151 2890 N.
182 2831 247 2924 176.
288 2834 347 2894 DE
369 2829 594 2892 DlVlSlONE
617 2831 932 2919 OONSCIENTIAE.

53 2957 68 3014 ἶ.
95 2949 213 3010 Divisio
240 2950 422 3010 conscientia.
473 2953 515 3013 Il.
547 2951 638 3014 Jaata
676 2950 777 3012 Thecla
796 2974 828 3012 oc
858 2952 996 3012 diuiditur

84 3031 151 3092 111.
171 3030 219 3089 Ea
228 3038 313 3109 porte
336 3028 436 3125 offecti
459 3033 488 3091 in
512 3039 625 3102 rectam,
668 3031 721 3089 lV.
778 3051 914 3091 moneam.
955 3030 994 3091 V.

59 3112 138 3172 'Es
158 3117 241 3189 parte
254 3127 384 3168 assensus
408 3112 438 3170 in
458 3120 569 3170 certam.
613 3112 669 3171 VI.
690 3110 877 3180 Probabilem,
919 3109 1003 3192 vll„

85 3187 218 3250 Dubiam
250 3187 376 3266 positivi,
417 3190 507 3252 Vlll.
528 3191 568 3250 Et
600 3190 727 3250 Dubium
756 3189 893 3270 negative,
936 3189 992 3249 lx.

85 3269 347 3347 Actcrupaloaom.

83 3387 311 3462 QUOMODO
331 3388 477 3450 dividitur
490 3391 691 3452 conscientia?

88 3469 114 3529 1.
126 3467 163 3527 R.
180 3468 300 3547 Mystici
314 3489 378 3528 earn
387 3471 527 3531 dividunt
541 3471 574 3530 iu
587 3473 695 3531 bonam
703 3481 735 3530 et
747 3469 865 3545 malam,
880 3470 950 3528 item
960 3469 994 3528 in

53 3546 247 3619 cauteriatum,
275 3553 496 3627 perturbatam
521 3552 669 3631 supinam,
695 3550 802 3622 laxam
835 3549 994 3622 infirmam,

53 3627 243 3709 pharisaicam
257 3639 288 3688 et
302 3629 467 3691 delicatam.
981 3660 984 3665 ·

89 3709 133 3767 11.
163 3707 288 3767 Omissis
305 3709 366 3768 illis
389 3711 598 3785 divisionibus,
623 3733 698 3794 quas
718 3710 852 3792 explicat
866 3709 1008 3780 suaa,
1045 3754 1046 3757 η

53 3805 173 3862 iuraque,
190 3797 324 3862 utnotat,
335 3791 368 3852 in
380 3803 466 3856 recto
476 3798 671 3862 conveniunt
680 3791 879 3862 consuenda
889 3797 1028 3868 sumpt*

474 3884 568 3942 21.ss
