2160 4072
104 103 169 165 102
487 119 689 165 saturatos

143 265 186 327 2⁰.
202 263 294 339 Quod
317 265 357 324 sit
378 269 447 327 vert
470 267 565 327 Filius
589 266 659 337 Dei,
680 265 803 333 dPatrt
824 266 992 344 procedens
1009 270 1070 337 aba

105 358 224 413 aeterno,
230 345 288 424 ipsi
300 346 380 405 Patri
390 348 548 425 coaequalis
559 358 590 406 et
599 345 870 416 consubstantialis,
876 349 1040 428 spiransque
1053 362 1070 418 ja

106 448 174 488 cum
192 428 279 486 Patre
291 427 439 505 Spiritum
453 429 484 488 S.
500 428 659 486 inanitate
674 426 820 486 Essentiae
828 426 961 489 Divina.
1061 444 1070 498 ῑ,

145 508 186 566 3⁰.
202 507 294 581 Quod
308 508 346 567 sit
359 528 448 567 verus
466 509 552 568 Dens
572 517 603 566 et
621 527 711 567 verus
724 506 835 578 Homo,
850 507 965 567 habens
977 511 1063 579 duna

106 599 227 647 naturas
242 588 405 659 distinctas,
420 589 552 649 divinam
566 599 597 648 et
609 588 770 647 humanam
791 589 824 646 in
843 590 960 649 uanitate
980 593 1039 652 Per·
1050 584 1070 657 {-

108 688 186 728 tonte
201 668 331 727 Divina.
1051 702 1070 740 -Ξ

147 750 188 808 4⁰.
203 750 295 822 Quod
309 749 474 809 secundum
487 757 625 810 naturam
637 750 799 809 humanam
820 769 879 829 pro
902 749 989 811 nobis
1009 750 1070 820 siti:

108 848 223 906 passus,
237 840 383 902 mortuus,
394 841 450 891 ete.

109 1036 111 1040 .
171 1012 210 1070 N.
232 1021 281 1081 rs.
306 1014 366 1073 os
390 1014 587 1076 Pausona
609 1012 803 1075 annisus
825 1013 991 1075 santur.

342 1176 374 1235 S.
395 1176 489 1236 Tlaeom.
505 1185 602 1256 quart.
618 1175 666 1236 26.
680 1184 720 1243 37
733 1172 760 1250 85
774 1182 822 1234 38.

112 1335 134 1390 l.
161 1335 232 1394 Trio
264 1337 374 1398 nomina
401 1339 492 1400 tertio
519 1336 659 1396 Personae.
705 1336 744 1394 ΙΙ.
781 1334 894 1395 Scilicet
927 1332 1045 1412 Spiritus

150 1416 285 1491 Sanctus,
320 1418 381 1479 ΙΙΙ.
405 1419 502 1490 Amor,
538 1417 588 1475 lv,
613 1416 737 1478 Donum.
773 1414 812 1474 V.
833 1414 979 1475 Probatur
996 1410 1062 1469 De·-

114 1583 117 1589 .
149 1495 256 1556 uiuitur
265 1497 393 1579 Spirituis
403 1497 511 1557 Sancti.
553 1496 608 1555 Vl.
628 1494 707 1561 Quid
716 1497 753 1556 sit
767 1494 874 1555 auditio
887 1495 918 1552 in
932 1490 1044 1553 Diuisit.

143 1659 274 1731 'QUOT
287 1670 318 1718 et
331 1680 397 1739 quae
413 1668 482 1719 sunt
495 1657 616 1717 nomina
628 1660 750 1739 propria
770 1655 841 1717 terti
867 1658 1002 1716 Persona
1021 1653 1047 1710 in

110 1738 258 1799 Divinis?

110 1824 114 1833 ‘
154 1820 180 1877 1.
197 1823 233 1881 R.
248 1822 326 1881 Sunt
345 1821 411 1892 tria,
434 1814 556 1891 scilicet,
577 1818 735 1898 “Spiritus
757 1819 893 1887 Sanetus,
916 1817 1046 1875 Amoret

112 1906 134 1932 “
149 1900 298 1961 Donum.”

155 1982 196 2040 ll.
212 1984 331 2042 Nomen
346 1990 366 2018 “
378 1982 507 2061 Spiritus
525 1982 652 2041 Sauctus
662 1983 678 2005 '⁹
690 1990 846 2058 acceptum
860 1998 915 2056 per
929 1977 1046 2037 modum

114 2063 204 2123 unius
218 2063 360 2142 simplicis
374 2063 522 2133 dictionis,
536 2063 622 2140 quasi
642 2062 828 2140 “spiratus'’
838 2058 996 2137 proprium
1009 2066 1047 2114 est

112 2143 208 2201 'tertiae
222 2144 357 2207 Personae
369 2144 402 2200 in
413 2143 533 2202 Divinis
545 2167 552 2203 :
567 2143 623 2201 hac
635 2144 749 2201 ratione
760 2141 868 2200 dicitur
879 2140 911 2197 in
921 2136 1048 2217 symbolo

114 2222 289 2285 Athanasii:
317 2226 436 2284 “Unus
458 2224 586 2300 Spiritus
608 2224 743 2291 Sanetus,
766 2241 826 2279 non
849 2231 910 2278 tres
926 2217 1049 2296 Spiritus

114 2309 135 2335 ·‘
150 2301 276 2367 Sancti.''
291 2306 332 2367 Et
345 2303 455 2365 Matth.
470 2322 534 2383 cap.
549 2311 597 2363 28.
612 2324 640 2360 v.
658 2313 704 2372 19.
726 2310 746 2335 “
758 2301 948 2379 Baptizantes
961 2319 1010 2357 eos
1021 2298 1048 2356 iu

113 2388 136 2463 ξ’
146 2385 266 2444 nomine
281 2386 387 2455 Patris,
402 2396 431 2443 et
443 2384 522 2456 Filii,
537 2394 567 2443 et
582 2382 708 2464 Spiritds
720 2383 847 2444 Sancti.”

155 2465 286 2539 Quando
296 2477 394 2525 autem
404 2463 548 2544 accipitur
559 2475 593 2523 ut
603 2462 818 2541 voxcomplexa
828 2471 859 2521 et
868 2481 923 2539 per
933 2460 1049 2519 modum

115 2545 241 2605 duarum
256 2548 430 2616 dictionum,
445 2545 584 2604 convenit
594 2544 682 2604 etiam
692 2543 757 2602 aliis
768 2542 904 2601 Personis
916 2541 1032 2599 Divinis
1039 2562 1047 2610 ;

115 2626 204 2685 Pater
212 2629 291 2685 enlm
303 2640 347 2687 est
359 2621 497 2705 Spiritus,
509 2637 540 2686 et
553 2636 598 2684 est
613 2628 738 2685 Sanctus
748 2648 759 2696 3
775 2622 908 2683 similiter
919 2633 951 2679 et
961 2621 1048 2680 Filius

115 2715 160 2763 est
176 2707 196 2766 S
219 2707 305 2767 iritus
319 2718 349 2766 et
364 2708 498 2766 Sanetus.

156 2729 217 2844 ill
232 2788 298 2847 Vox
322 2796 345 2827 “
357 2790 451 2846 Amor
460 2791 477 2811 ’'
503 2785 698 2865 personaliter
723 2793 854 2862 accepta,
877 2794 922 2843 est
949 2800 1053 2841 nomen

114 2868 267 2945 proprium
283 2864 409 2947 Spiritirs
425 2869 544 2940 Sancti,
559 2868 629 2945 quia
643 2876 688 2925 est
697 2867 842 2925 terminus
853 2864 1015 2923 subsistens
1026 2872 1056 2918 et

114 2949 277 3024 personalis
290 2947 389 3008 mutui
403 2948 531 3019 Amoris,
545 2947 640 3007 Patris
655 2955 684 3004 et
698 2947 777 3006 Filii.

157 3030 292 3108 Accepta
303 3029 506 3099 essentialiter,
516 3040 606 3108 prout
614 3029 731 3087 tantum
741 3027 880 3105 importat
889 3036 1057 3103 respectum

114 3111 254 3169 'Amantis
268 3110 306 3169 ad
320 3131 382 3170 rem
397 3119 534 3180 amatam,
549 3119 594 3168 est
607 3128 717 3166 nomen
725 3107 968 3167 tribusPersonis
979 3124 1058 3165 com·

115 3209 224 3264 mune;
246 3192 303 3250 hoe
319 3194 430 3250 Amore
444 3202 579 3248 amantur
594 3201 736 3247 creaturae
749 3189 918 3246 existentes.

157 3272 211 3331 IV.
229 3273 342 3331 Pariter
364 3291 421 3329 vox
444 3278 464 3302 “
476 3273 596 3329 Donum
606 3273 623 3293 ”
647 3269 841 3346 personaliter
862 3279 994 3345 accepta,
1015 3273 1061 3322 est

115 3370 223 3410 nomen
238 3353 392 3431 proprium
408 3351 501 3408 tertiae
518 3350 673 3421 Personae3
689 3349 759 3426 quia
774 3361 807 3406 ut
818 3347 892 3406 dicit
906 3350 937 3418 S,
952 3348 1057 3406 Thon.

116 3444 218 3507 quaest.
243 3433 290 3495 36.
315 3445 369 3493 art.
391 3439 419 3490 2.
444 3431 574 3509 Spiritus
596 3431 723 3489 Sanetus
744 3429 882 3507 procedit
896 3441 929 3486 ut
947 3431 1058 3495 Anium

115 3510 246 3585 primum
261 3525 370 3582 autem,
386 3512 468 3592 quod
482 3511 586 3569 dumus
600 3512 704 3581 amico,
720 3522 765 3568 est
783 3529 875 3571 amor.
891 3529 952 3587 quo
977 3507 1061 3564 volu-

115 3609 183 3647 mus
192 3592 217 3647 ei
230 3595 360 3654 bonum:
377 3591 458 3651 unde
472 3591 603 3673 Spiritus
618 3592 744 3651 Sanetus
753 3589 936 3670 proceditin
948 3588 1063 3649 ratione

104 3671 203 3745 primi
216 3674 307 3735 Doni.

141 3751 231 3812 Idem
253 3777 370 3821 nomen
394 3756 596 3818 essentialiter
612 3761 783 3833 sumpturo,
796 3744 1070 3829 quartanorum

85 3840 135 3891 est
146 3851 214 3910 res,
231 3858 305 3918 qnae
318 3841 466 3922 gratuito
483 3842 577 3903 datur
605 3835 758 3916 competit
770 3824 1040 3892 trttsustersonn,
