2160 4072
87 74 151 145 190
463 92 664 139 reseratus
736 84 739 91 '

86 237 173 298 tollat
185 256 300 297 omnem
312 238 565 309 deliberationem,
585 248 616 298 et
637 239 677 298 ait
701 238 883 299 antecedens
894 258 926 297 re

90 319 261 389 voluntatis,
285 338 338 377 sau
350 319 471 378 omnino
484 320 691 380 involuntaria.
715 319 806 393 Qubd
819 318 846 378 si
858 319 927 378 illar

88 399 233 477 piacentis
255 398 341 471 tollat
357 398 478 476 quidem
503 419 621 459 omnem
649 400 903 472 deliberationem,
925 426 927 457 ι

86 498 272 557 consequem
280 491 418 557 respectu
426 476 593 539 ¹uoluntatis
616 500 668 539 seu
682 480 862 549 voluntaria,
884 490 927 539 act

88 559 150 618 lure
158 558 356 638 imputabitur
364 559 403 617 ud
412 571 575 636 peccatum,
601 571 706 638 utpote
717 558 927 619 voluntariuse

92 640 230 699 menuae.
270 638 389 698 Vide-S.
401 640 507 703 Thom.
524 652 627 716 quest.
642 648 689 707 77.
704 650 759 699 art.
772 648 801 707 7.
811 641 844 698 iu
858 647 880 675 “
889 642 927 699 Co

131 720 170 778 X.
186 722 278 778 Notat
292 720 322 777 S.
338 720 444 782 Thom.
459 729 564 798 quast.
578 728 628 788 77.
637 730 692 779 art.
706 729 734 788 7.
748 730 781 778 et
794 726 822 780 8.
834 721 924 798 quod,

91 798 134 857 do
146 800 214 877 quis
226 800 264 857 ex'
274 799 410 876 pomisne
422 799 558 878 procedit
570 801 610 859 ad
622 812 720 860 actum
730 811 897 871 externum,
911 822 927 854 v

93 898 249 1018 Huffiamii
261 879 464 1017 homicidium,
479 892 535 940 etc.
550 892 623 1019 tunlc
633 880 781 977 ordinarie
793 881 875 1019 adel}
891 902 924 940 su

115 979 133 1017 e
177 978 226 1017 era
249 980 269 1017 o
372 972 486 1019 centum
510 972 652 1033 mortae,·
699 982 748 1020 ura
768 980 847 1018 mem
872 981 927 1019 rae

93 1038 156 1098 feri
166 1058 227 1098 uon
239 978 428 1116 appliddentur
438 1044 531 1117 operi,
540 1042 596 1099 nisi
610 1061 666 1120 per
675 982 851 1099 dousensum
861 1041 927 1100 rati<

93 1118 185 1179 bomo
197 1121 320 1178 eatenrls
341 1121 466 1179 retinuit
485 1122 647 1180 dominium
668 1121 832 1200 perfectius
845 1122 877 1179 in
891 1142 927 1179 mr

98 1218 166 1258 rum
182 1199 314 1259 actiones
333 1202 502 1260 exteriores.

119 1344 222 1421 uss.
264 1359 321 1419 us
343 1362 511 1421 Hamru
533 1362 588 1420 ur
609 1362 922 1422 coususrumu

259 1440 426 1500 oumus
457 1443 518 1501 ao
547 1442 882 1503 vouuuuauruu.

102 1600 126 1657 l.
141 1600 268 1659 Habitus
292 1620 459 1678 cuiusquam
485 1599 636 1660 mutuis
662 1608 745 1679 auget
757 1601 927 1660 uoluntarius

140 1679 180 1737 Et
189 1686 339 1757 moutam.
382 1680 441 1738 111.
457 1679 583 1737 Habitus
592 1681 796 1739 inwuntarim
809 1690 925 1738 renuat

138 1758 266 1895 {aaut}
271 1758 305 1819 V
337 1757 521 1871 Qoaudoaum
553 1761 718 1818 consuturis
749 1758 786 1818 sit
812 1758 927 1838 sufficies

143 1993 254 2067 QUID
268 1995 387 2054 habitus
401 1995 449 2054 vel
463 1958 646 2056 cousuetudo
664 1997 736 2055 facit
749 1996 828 2055 circa
841 1996 927 2054 volur

103 2076 134 2131 in
149 2095 247 2151 opere,
258 2077 340 2153 quod
352 2097 389 2134 ex
403 2078 444 2134 eis
455 2079 606 2155 sequitur?
746 2142 749 2147 ,

147 2156 170 2213 Ι.
183 2155 218 2214 R.
234 2157 265 2213 Si
279 2156 398 2215 habitus
419 2158 466 2215 vel
481 2157 664 2216 consuetudo
689 2158 726 2215 sit
740 2175 924 2234 consequeus

106 2234 184 2304 tatis,
204 2246 294 2312 auget
307 2237 517 2306 voluntarium,
545 2239 621 2296 sicut
638 2237 887 2314 concupiscentia,
909 2257 927 2294 e*

108 2314 260 2391 Wiggers,
271 2317 387 2376 Neesen
401 2328 432 2375 et
456 2317 601 2376 Daelmau
615 2318 724 2376 minuit
737 2318 864 2375 liberum
890 2318 921 2374 in

105 2391 163 2453 boc
174 2395 312 2454 ultimum
320 2407 419 2455 tamen
432 2408 544 2473 negant
559 2398 678 2476 Sylvius
688 2410 718 2455 et
732 2399 877 2474 Steyaert.

146 2478 281 2552 lin-ergo
294 2476 413 2536 habitus
427 2478 475 2536 vel
485 2478 668 2536 consuetudo
685 2477 773 2536 etiam
783 2479 923 2535 minuunt

110 2566 171 2613 tem
187 2555 234 2615 vel
246 2556 388 2615 malitiam
407 2558 525 2635 operis?

147 2635 188 2693 11.
204 2637 238 2693 R.
254 2637 385 2695 Habitus
409 2639 457 2696 vel
471 2637 654 2696 consuetudo
678 2656 861 2714 consequens
885 2637 927 2694 vol

105 2727 197 2792 auget
219 2716 315 2792 potius
335 2718 496 2777 bonitatem
511 2718 557 2775 vel
577 2718 717 2776 malitiam
732 2717 763 2774 in
782 2737 882 2793 opere,
912 2737 927 2794 q

89 2793 142 2852 ·iis
167 2795 320 2871 procedit3
349 2799 504 2874 quieopus
531 2796 606 2855 illud
620 2798 741 2874 eligitur
754 2808 784 2856 et
798 2797 832 2855 fit
842 2817 879 2855 ex
894 2819 927 2854 vo

106 2874 198 2950 magis
207 2875 378 2935 confirmata
390 2877 422 2935 in
433 2878 512 2936 bono
523 2878 570 2937 vel
581 2878 667 2935 malo.

146 2955 227 3014 Hinc
239 2955 363 3016 docet&
380 2957 486 3015 Thom.
501 2968 603 3035 quoest.
615 2966 662 3024 78.
678 2965 763 3015 ΒΜ
796 2957 877 3034 quud
889 2977 927 3035 pe

103 3054 141 3093 ex
155 3034 259 3093 babitu
270 3036 308 3093 sit
320 3047 473 3112 peccatum
489 3058 526 3096 ex
546 3037 666 3096 malitia.

145 3113 217 3193 obj.
245 3115 373 3174 Habitus
395 3127 425 3175 et
438 3118 621 3176 consuetudo
647 3118 787 3176 minuunt
810 3117 927 3175 liberun

104 3194 245 3253 minuunt
254 3206 418 3271 peecatum,
433 3197 606 3274 inquantum
618 3208 662 3256 est
674 3197 799 3254 liberum
811 3220 819 3267 ;
835 3198 876 3254 ait
891 3199 919 3255 S.

105 3286 207 3353 quest
219 3283 270 3341 77.
281 3286 335 3333 art.
345 3284 372 3334 8.
382 3275 414 3332 in
427 3283 445 3310 ‘⁸
461 3280 566 3355 Corp.”

148 3357 183 3413 R.
200 3356 238 3413 1⁰.
252 3356 347 3415 Juxta
361 3356 497 3433 Sylvium
517 3370 547 3416 et
556 3359 694 3435 Steyaert
705 3358 891 3416 consuetudo
904 3367 927 3415 et

102 3445 155 3491 tus
168 3435 325 3492 voluntarii
339 3454 398 3493 nou
413 3437 552 3496 minuunt
571 3438 706 3495 liberum.

147 3515 180 3571 R.
196 3515 236 3573 2⁰.
248 3514 387 3573 Admisso
397 3518 597 3584 antecedente,
607 3527 733 3594 negatur
743 3527 925 3594 consequent

104 3594 172 3651 lieet
187 3594 305 3653 habitus
316 3595 440 3672 physice
453 3598 567 3655 minuat
579 3598 713 3667 liberum,
737 3616 796 3655 nou
818 3609 918 3655 tamen

101 3672 276 3733 moraliter:
302 3675 338 3735 eri
363 3676 445 3755 qudd
462 3678 521 3736 ista
535 3678 634 3735 minor
651 3678 778 3735 libertas
800 3696 927 3750 commem

83 3772 180 3815 caum
193 3760 351 3835 quatenus
360 3759 553 3820 consuetudo
562 3757 730 3817 etbabitus
740 3754 927 3810 sumturum

22 3844 26 3861 ¹
68 3844 112 3895 nt
122 3835 160 3897 1'11
172 3842 330 3921 presenti
347 3842 452 3906 litere
468 3840 719 3904 eout'rnuoututt
736 3829 900 3890 unitim
923 3829 927 3872 ⁴
