2160 4072
277 110 323 155 nn
340 112 539 159 cunurtouu
556 112 679 156 uuum.
875 93 939 158 188
987 116 992 127 ·

53 261 202 333 oufirmoti.
244 257 298 318 Vl.
321 257 358 316 Iu
379 257 527 338 Baptismo
548 277 603 316 uon
624 255 782 315 restituitur
800 266 857 317 totu
869 261 938 338 jus.

53 340 96 398 'tiu
108 337 271 417 originalis.
311 337 386 398 vn.
407 339 501 396 Error
515 335 745 415 Pelagiauorum.

53 499 98 557 lN
112 499 205 557 homo
219 498 252 556 in
266 507 344 557 statu
357 498 532 557 innocentius
546 507 610 556 erat
622 496 816 559 immortalis?

53 577 64 638 1.
80 581 114 637 R.
132 581 203 636 Non
220 590 282 636 erat
294 578 467 637 immortalis
481 580 537 638 hoc
558 598 655 644 sensu,
680 578 764 655 quasi
779 598 838 637 non
849 591 937 658 potu·

53 669 74 717 et
83 659 168 725 mori,
184 659 239 718 secl
251 659 321 736 quia
333 660 479 736 potuisset
492 678 551 716 non
565 658 640 715 mori
655 655 679 713 si
695 657 841 720 voluisset.

53 740 187 797 Probatur
205 760 242 798 ex
262 741 329 817 Sap.
351 759 416 815 cap.
434 748 459 796 1.
475 760 502 796 v.
523 747 564 798 13.
591 740 643 797 ubi
667 737 794 797 dicitur:
816 749 837 774 “
853 741 937 801 Deus

53 831 156 877 nortem
170 839 231 877 non
251 821 323 877 lecit
332 823 359 877 :”
381 830 412 877 et
425 840 453 876 v.
465 828 513 879 23.
537 826 556 852 “
568 818 652 876 Deus
666 820 776 880 creavit
789 819 938 880 hominem

53 900 349 969 neuterminabileui,”
363 900 394 957 id
408 910 462 969 est,
477 899 688 957 immortalem:
716 899 784 958 item
799 902 838 959 ad
856 903 937 960 Rom.

53 996 66 1054 1.
76 987 101 1038 5.
117 1001 144 1037 v.
161 988 206 1038 12.
223 980 348 1040 dicitur:
371 987 391 1014 “
408 982 462 1038 Per
473 1000 565 1038 unum
576 978 725 1036 hominem
740 993 897 1056 peecatum
907 982 938 1040 in

53 1056 115 1117 lunc
125 1060 273 1118 muudum
286 1061 418 1129 intravit,
433 1073 462 1118 et
472 1080 525 1137 per
534 1070 689 1135 peccatum
703 1062 811 1119 mors.''

53 1139 166 1198 Accedit
192 1140 332 1199 Ecclesiae
346 1141 478 1199 definitio
492 1140 524 1197 in
538 1139 649 1197 Concil.
672 1140 847 1200 Milevitano
874 1162 938 1201 cau.

53 1232 144 1278 contra
160 1221 495 1296 Pelagiumdicentem,
519 1220 668 1277 hominem
695 1223 849 1279 mortalem
876 1243 939 1282 esse

53 1310 122 1358 tum.
152 1300 294 1358 Similiter
309 1301 445 1370 Trident,
459 1320 528 1359 sess.
540 1308 567 1359 5.
590 1319 656 1360 can.
672 1308 697 1356 1.
712 1301 848 1360 definivit
860 1323 939 1362 mor-

53 1399 64 1436 1
77 1401 139 1438 esse
153 1379 290 1439 effectum
302 1381 453 1458 originalis
463 1380 586 1457 peccati.

53 1460 198 1520 Undenam
204 1464 397 1539 proveniebat
404 1462 518 1520 homini
529 1461 559 1518 in
571 1461 622 1518 illo
634 1469 711 1518 statu
722 1461 939 1524 immortalitas?
959 1505 965 1514 ·

53 1539 83 1605 ll.
99 1543 135 1600 lt.
166 1542 264 1600 Variae
283 1543 374 1621 hujus
393 1545 437 1600 rei
458 1561 554 1600 causae
574 1542 779 1616 assignantur:
798 1543 887 1620 juxta
908 1547 938 1605 S.

53 1643 106 1680 om.
121 1631 177 1679 art.
196 1631 221 1680 1.
236 1623 267 1679 in
284 1622 367 1699 Corp.
383 1622 533 1700 praecipuu
546 1622 605 1679 fuit
619 1622 714 1681 virtus
728 1625 860 1700 quasdam
876 1625 939 1684 ani.

53 1725 57 1759 1
69 1703 333 1779 supernaturaliter
347 1703 450 1773 indita,
472 1704 532 1780 qui
555 1712 672 1780 poterat
685 1722 794 1781 corpus
808 1706 845 1762 ab
859 1707 939 1771 omni

53 1783 190 1860 ruptione
203 1785 386 1861 praeservari,
398 1783 541 1862 quamdiu
561 1783 625 1859 ipsa
642 1796 774 1843 maneret
788 1787 853 1842 Deo
868 1788 938 1844 sub-

53 1873 91 1924 ta:
112 1863 179 1920 alise
202 1883 297 1922 causae
315 1875 399 1922 erant
417 1866 495 1921 bona
519 1864 651 1940 corporis
677 1865 851 1942 complexio,
873 1880 940 1925 esus

53 1944 74 2002 ri
98 1945 178 2011 vitre,
202 1943 329 2002 hominis
356 1945 521 2002 innocentis
544 1944 713 2022 prudentia,
734 1958 856 2004 externa
882 1948 940 2004 Dei

53 2024 153 2093 tectio,
165 2043 199 2083 ac
210 2025 396 2102 Angelorum
410 2024 553 2083 custodia.

53 2105 101 2163 111.
118 2105 201 2163 Hine
220 2116 312 2182 patet,
338 2106 588 2163 immortalitatem
615 2104 704 2182 primi
727 2104 855 2164 hominis
878 2125 939 2165 non

53 2204 91 2244 sse
117 2186 292 2256 naturalem,
316 2205 351 2243 ac
377 2186 502 2262 proinde
523 2186 625 2242 merito
640 2185 864 2243 condemnatam
879 2207 942 2246 esse

53 2264 233 2344 positionem
261 2267 508 2343 septuagesimam
536 2277 670 2324 octavam
692 2266 770 2326 inter
797 2267 940 2343 Bajenas:

54 2345 246 2404 inmortalitas
259 2346 348 2422 primi
362 2347 489 2405 hominis
503 2366 563 2406 non
572 2357 634 2404 erat
642 2347 746 2424 gratiae
755 2347 941 2418 beneficium,

53 2424 89 2483 ed
99 2425 243 2483 naturalis
258 2426 414 2484 conditio.”
702 2435 706 2440 '

53 2505 95 2563 [V.
124 2507 173 2563 Ex
201 2505 310 2564 eisdem
339 2508 433 2565 causis
461 2527 568 2586 corpus
591 2527 652 2565 non
679 2508 784 2565 fuisset
811 2527 941 2585 unquam

53 2605 110 2658 um,
124 2585 174 2644 vel
186 2589 288 2644 morbo
302 2587 390 2646 alicui
405 2588 581 2666 subjectum,
597 2598 627 2645 et
640 2586 819 2664 generaliter
833 2606 943 2666 corpus

53 2675 107 2724 sset
120 2667 302 2743 impassibile
326 2669 462 2745 passione
482 2669 665 2745 corruptivi,
688 2672 747 2745 qut
763 2666 876 2727 scilicet
890 2668 942 2727 ali·

53 2746 77 2805 ld
86 2748 298 2824 corrumpitur,
308 2747 356 2805 vel
366 2748 404 2806 ad
414 2749 632 2826 corruptionem
644 2747 812 2825 disponitur
822 2773 829 2808 ε
839 2748 945 2808 fuisset

53 2846 100 2886 ten
112 2828 254 2904 passibile
267 2828 403 2904 passione
416 2829 591 2908 perfectissi,
607 2834 666 2906 qut
678 2828 791 2905 aliquid
805 2829 944 2890 immutu-

53 2908 258 2985 reperficitur,
287 2921 317 2967 et
339 2909 382 2966 ita
402 2909 434 2967 in
456 2909 507 2967 illo
532 2920 609 2967 statu
632 2909 722 2967 homo
745 2908 942 2980 dormivisset,

54 2987 223 3058 nducasset,
236 2989 369 3059 bibisset,
384 3002 439 3049 ete.
454 3010 521 3068 quae
542 2990 581 3048 ad
590 2992 702 3049 bonum
727 3000 841 3048 nature
865 2991 944 3049 ordi-

53 3078 119 3127 itur.
394 3074 397 3079 “
540 3111 544 3118 .

53 3148 125 3209 ilinc
138 3149 273 3218 observa,
285 3149 367 3226 quod
378 3171 485 3228 corpus
497 3151 608 3209 Adami
622 3171 683 3208 non
693 3150 846 3208 habuisset
859 3150 943 3208 dotes

53 3228 133 3308 poris
147 3229 278 3306 gloriosi,
291 3231 434 3307 quamdiu
449 3233 480 3288 in
494 3230 549 3289 hac
568 3232 630 3289 vit'a
643 3232 869 3308 permansisset:
893 3231 945 3288 sed
969 3262 971 3281 ι

53 3330 74 3369 ic
83 3309 205 3368 demum
215 3309 291 3367 illud
304 3310 530 3388 glorificandum
543 3310 644 3382 fuisse,
666 3330 734 3370 cum
756 3310 855 3378 homo,
876 3309 946 3368 vitae

53 3389 96 3450 lio
117 3389 152 3447 in
178 3402 259 3448 terra
284 3402 405 3469 peracto
427 3393 484 3451 sibi
508 3396 524 3451 si
550 3393 617 3450 Deo
640 3391 796 3471 praefinito,
812 3388 899 3453 vivus
912 3389 945 3448 in

53 3471 109 3529 lum
123 3470 284 3528 translatus
297 3472 410 3530 fuisset

53 3551 160 3610 ldamo
184 3570 245 3607 non
265 3566 417 3629 peccante,
439 3553 542 3612 eadem
570 3552 728 3632 privilegia
753 3550 791 3608 ad
811 3561 944 3628 posteros

53 3642 128 3692 ssent
147 3631 283 3689 derivata
289 3655 299 3704 ;
326 3633 397 3710 quia
424 3654 484 3690 non
510 3633 564 3691 soli
587 3631 705 3689 Adamo
728 3631 782 3689 sed
795 3632 876 3692 ineo
889 3633 948 3691 toti

53 3732 115 3770 urae
129 3722 364 3772 erentconeessa.
381 3715 412 3774 S.
432 3714 540 3775 Thom.
563 3725 672 3794 quaest.
689 3720 760 3776 100.
774 3727 834 3776 srt.
848 3723 880 3774 1.

53 3794 81 3844 lu
89 3787 208 3864 posteri
215 3790 343 3850 fuissent
359 3794 535 3856 confirmati
552 3799 638 3878 ingr
663 3800 733 3863 tiit?

53 3864 119 3920 'ruet
141 3864 176 3919 de
194 3864 288 3922 Creat.
304 3873 415 3934 mrruclt'.
523 3901 548 3942 N
