2160 4072
80 102 155 169 tls
462 104 666 163 raacrsrnt

86 260 271 329 casu'autem
292 264 456 345 prohibitio
478 260 621 324 Ecdesiae
633 252 679 322 cst
692 246 933 321 circumstantias!

88 348 170 419 maii,
184 347 301 425 copula·
313 345 427 406 scilicet
439 344 606 404 fornicariae
619 366 628 404 s
643 362 727 420 ergo,
738 352 795 401 etc
844 349 847 354 '

130 428 213 488 Hinc
226 437 317 506 patet,
329 446 422 504 quare
431 425 528 506 potiha
541 426 558 482 i
570 433 694 502 peccato
704 421 833 482 incestius
840 423 933 517 exiniq

89 506 248 568 delectatio
261 507 299 567 de
318 504 507 565 matrimonio
530 501 664 564 ineundo
677 522 748 563 cum
772 520 933 581 consanguu

89 599 198 668 quarto
207 586 314 666 gradu,
329 587 354 645 si
369 584 595 666 &prohibitione
608 582 808 660 abstrahatur,
832 583 933 661 quimi

88 668 161 727 tatio
175 669 214 728 de
224 667 331 745 copula
343 686 412 726 cum
422 665 486 737 tali,
514 666 629 724 edumei
642 666 658 722 i
671 663 873 743 prohibitione
880 662 933 739 abst

77 759 158 807 tur:
173 749 205 807 in
217 746 310 826 priori
322 746 401 805 enim
410 764 481 806 casu
491 746 643 825 objectum
654 742 933 804 delectationis-secur

90 846 122 887 se
135 840 180 888 est
201 827 327 897 licitum,
348 846 404 904 pro
424 846 485 905 quo
497 826 547 885 lex
566 823 695 904 positiva
714 827 785 884 verb
797 824 862 883 tolli
882 836 933 903 pota

88 908 215 987 proinde
228 907 267 965 ab
280 904 332 965 ills
345 907 434 966 etiam
446 916 548 986 potest
561 904 702 977 abstrahi,
714 905 757 964 sic
770 914 805 965 ut
821 904 933 964 delectat

89 988 170 1049 tione
181 988 261 1048 illius
272 986 499 1048 circumstantie
520 997 594 1046 tuuc
606 1004 668 1044 non
685 993 841 1046 censeatur
862 985 933 1064 proh

89 1069 191 1127 verbm
204 1069 235 1127 in
247 1068 404 1147 pasteriori
414 1088 484 1128 casu
492 1067 642 1146 objectum
652 1065 812 1126 secundum
821 1077 902 1125 seest
909 1086 933 1124 m

89 1148 172 1209 etsie
184 1169 241 1228 pro
254 1167 290 1208 eo
303 1148 368 1207 tolli
380 1149 485 1228 nequit
507 1147 556 1207 lex
569 1146 698 1224 positivo
710 1146 743 1205 in
760 1145 866 1205 ordine
883 1145 918 1205 ad
929 1167 933 1203 t

89 1228 242 1300 tationem,
256 1248 308 1288 seu
322 1227 543 1289 circumstantia
554 1226 607 1286 illa
618 1226 829 1305 prohibitionis
839 1226 933 1286 Ecclea

90 1309 195 1369 ordine
209 1310 248 1369 ad
257 1308 467 1369 delectandum
481 1308 520 1367 de
533 1308 641 1386 copula
653 1305 821 1378 fornicaria,
837 1317 882 1366 est
892 1307 927 1366 ah

78 1433 81 1445 .
194 1390 276 1452 bilis.
432 1426 435 1433 ·
701 1439 703 1443 .

77 1410 206 1531 Ἥ.
217 1473 242 1531 Ι.
257 1472 352 1550 Atqui
365 1470 473 1531 falsum
486 1481 532 1531 est
544 1469 626 1529 illam
639 1467 890 1530 circumstantiam
899 1534 902 1541 .
910 1486 933 1528 cs

92 1552 286 1631 seperabilem
297 1574 306 1612 r
318 1554 383 1611 chm
396 1550 476 1611 enim
490 1572 528 1613 ex
541 1551 604 1610 solo
609 1550 681 1629 jure
688 1551 820 1629 positivo
828 1549 933 1609 oriatur

79 1636 176 1710 =peri
192 1631 376 1711 Legialatore
389 1633 519 1711 separari
540 1640 648 1709 potest,
662 1632 751 1690 etiam
768 1631 800 1688 in
813 1631 933 1689 ordiner

78 1710 261 1771 demendum
272 1711 310 1770 de
323 1711 523 1791 objectornalo
532 1730 612 1770 seue
652 1711 717 1784 ula,·
726 1711 751 1771 si
761 1730 823 1769 non
832 1710 933 1781 liciter

82 1790 210 1886 -yalidi3
226 1802 347 1864 attento,
362 1791 444 1871 quod
457 1790 556 1851 valida
569 1731 818 1871 sitpdispensatio,
833 1791 933 1851 etiams

90 1882 174 1950 justa
194 1892 292 1933 musa.

135 1952 172 2012 R.
187 1948 259 2011 Cdm
282 1952 420 2033 equidem
443 1952 522 2013 licita
537 1972 589 2012 seu
604 1951 667 2012 sine
685 1961 809 2032 peccato
830 1952 881 2012 illa
895 1973 933 2032 seq

93 2032 158 2092 fieri
166 2046 303 2113 nequeat,
312 2035 501 2114 impossibilis
512 2044 667 2112 reputatur
678 2057 686 2094 t
703 2033 784 2092 unde
794 2052 933 2110 nunquan

93 2115 170 2172 sumi
184 2125 282 2191 potest
297 2117 430 2194 superior
440 2115 614 2183 consentire,
627 2124 660 2172 ut
674 2115 740 2192 quis
755 2113 920 2172 delectetur

89 2192 170 2270 jecto
183 2194 272 2265 maio,
293 2197 335 2254 ita
348 2206 382 2253 ut
393 2215 453 2253 non
464 2195 610 2273 impingat
623 2194 654 2251 in
668 2194 898 2271 prohibitionem
913 2193 933 2252 ci

92 2274 289 2346 stantiarum3
313 2276 372 2334 imd
386 2275 501 2333 etiamsi
529 2275 662 2352 superior
682 2277 821 2351 expresse
849 2293 933 2332 conse

91 2353 231 2432 equidem
246 2366 332 2413 utens
352 2354 405 2414 tali
429 2374 574 2414 consensu
602 2374 652 2413 scu
674 2353 907 2431 dispensatione,

92 2435 160 2496 dati
172 2434 235 2517 sine
245 2435 328 2514 justa
338 2454 435 2506 causa,
444 2435 543 2494 adhuc
551 2446 697 2513 peccaret,
707 2434 752 2492 uti
766 2434 878 2494 dicitur
892 2445 925 2492 tn

87 2522 114 2548 '⁶‘
127 2516 166 2577 de
182 2515 343 2593 Legibus.”

133 2596 205 2654 Inst.
222 2597 265 2677 ΙΙ
289 2599 388 2656 Potest
410 2597 483 2668 ficri,
512 2598 592 2675 qubd
606 2598 654 2656 lex
675 2596 793 2655 irritans
817 2596 933 2654 matrim

91 2677 170 2734 inter
183 2679 417 2756 consanguineos
426 2680 457 2737 in
471 2677 577 2758 quarto
591 2677 687 2756 gradu
696 2678 869 2754 abrogetur,
896 2695 933 2752 qu

91 2755 242 2815 delectans
254 2758 295 2816 'de
309 2758 416 2838 copula
429 2759 590 2818 fornicaria
604 2778 672 2818 cum
682 2757 732 2816 tali
747 2756 932 2833 consanguin

86 2836 246 2896 contrahet
257 2839 408 2898 malitiam
421 2839 552 2898 incestus
563 2863 573 2911 3
595 2852 667 2916 ergo
680 2857 762 2896 nunc
775 2836 875 2896 taliter
890 2836 933 2893 de]

87 2916 201 2995 poterit
214 2918 253 2974 ab
261 2918 313 2977 ilia
321 2917 389 2998 lege
402 2920 472 2978 vere
487 2919 666 2978 abstrahere.

132 2998 169 3057 R.
192 2999 268 3076 Ncg.
292 3019 409 3077 conseq.
435 2999 602 3078 Disparitas
616 3008 670 3069 cst,
699 2995 780 3076 qudd
804 3006 933 3056 cessante

89 3098 159 3216 quae
172 3076 269 3136 irritat
281 3078 514 3150 matrimonium,
529 3091 624 3140 cesset
637 3079 726 3137 etiam
736 3077 904 3156 prohibitio
925 3098 933 3136 r

104 3158 256 3218 ornicariae
270 3157 340 3217 inde
351 3179 552 3238 cousequens3
581 3158 662 3219 unde
676 3159 785 3216 mirum
798 3177 862 3215 non
881 3167 933 3227 est,

89 3239 142 3298 oali
154 3259 224 3298 casu
238 3239 388 3298 delectans
402 3239 440 3298 de
449 3240 593 3318 copuiain
603 3239 684 3297 illum
698 3238 796 3315 legem
806 3256 870 3295 non
879 3238 933 3316 imp

91 3321 156 3378 cdm
171 3320 218 3378 lex
229 3320 281 3378 illa
290 3341 327 3378 cx
341 3319 400 3379 alio
410 3321 506 3398 capite
520 3323 588 3380 verd
600 3339 713 3380 cessare
724 3330 928 3397 supponaturt

90 3420 171 3459 nune
184 3421 245 3459 non
256 3411 349 3460 cessat
363 3401 413 3459 ilia
426 3401 485 3470 lex,
500 3401 558 3460 imb
572 3421 627 3460 uec
642 3419 756 3459 cessare
769 3409 871 3476 potest
888 3399 922 3456 in

89 3479 129 3538 ad
143 3479 352 3541 delectandum
365 3481 403 3540 de
417 3502 449 3540 re
462 3480 540 3540 mala
548 3504 558 3552 ς
573 3482 706 3559 adeoque
717 3480 769 3558 qui
778 3498 861 3538 nunc
874 3478 933 3537 dela

91 3559 192 3619 detali
205 3562 321 3640 copula,
344 3563 458 3621 etiamsi
473 3565 488 3620 ὲ
501 3561 702 3642 prohibitione
721 3559 885 3630 abstrahat,
913 3579 933 3618 v

86 3640 171 3700 iiiam
181 3641 280 3722 legem
294 3643 444 3721 impingit.

127 3721 202 3807 Obj.
217 3726 279 3786 ΙΙΙ.
296 3726 494 3806 Suppouatur
508 3721 744 3798 aitquisuou'mse
754 3719 933 3776 dominere-,i

72 3807 204 3871 catione
218 3820 363 3880 externa,
379 3826 446 3866 non
461 3794 933 3883 autemhpeeeatisintermpo'no

65 3893 127 3954 tali
142 3914 223 3955 casu
246 3893 308 3955 ilic
322 3884 516 3954 delectando
527 3879 653 3942 interne
667 3875 708 3931 de
724 3873 928 3927 tormoatxone
