<?xml version="1.0" encoding="UTF-8"?>
<!DOCTYPE html PUBLIC "-//W3C//DTD XHTML 1.0 Transitional//EN"
    "http://www.w3.org/TR/xhtml1/DTD/xhtml1-transitional.dtd">
<html xmlns="http://www.w3.org/1999/xhtml" xml:lang="en" lang="en">
 <head>
  <title>
</title>
<meta http-equiv="Content-Type" content="text/html;charset=utf-8" />
  <meta name='ocr-system' content='tesseract 3.04.00' />
  <meta name='ocr-capabilities' content='ocr_page ocr_carea ocr_par ocr_line ocrx_word'/>
</head>
<body>
  <div class='ocr_page' id='page_1' title='image "./theologiamorali00densgoog_0167.png"; bbox 0 0 2152 4066; ppageno 0'>
   <div class='ocr_carea' id='block_1_1' title="bbox 393 115 679 177">
    <p class='ocr_par' dir='ltr' id='par_1_1' title="bbox 393 115 679 177">
     <span class='ocr_line' id='line_1_1' title="bbox 393 115 679 177; baseline 0.003 -17"><span class='ocrx_word' id='word_1_1' title='bbox 393 168 425 177; x_wconf 21' lang='grc' dir='ltr'><em>Η</em></span> <span class='ocrx_word' id='word_1_2' title='bbox 456 115 679 161; x_wconf 65' lang='lat' dir='ltr'>camesenus</span> 
     </span>
    </p>
   </div>
   <div class='ocr_carea' id='block_1_2' title="bbox 39 252 1072 2588">
    <p class='ocr_par' dir='ltr' id='par_1_2' title="bbox 99 252 1072 890">
     <span class='ocr_line' id='line_1_2' title="bbox 136 252 1072 336; baseline 0.003 -19"><span class='ocrx_word' id='word_1_3' title='bbox 136 259 161 317; x_wconf 90' lang='lat'>1.</span> <span class='ocrx_word' id='word_1_4' title='bbox 176 260 211 319; x_wconf 81' lang='lat' dir='ltr'>R.</span> <span class='ocrx_word' id='word_1_5' title='bbox 224 259 388 336; x_wconf 74' lang='lat' dir='ltr'>Responsio</span> <span class='ocrx_word' id='word_1_6' title='bbox 401 260 574 319; x_wconf 83' lang='lat' dir='ltr'>affirmativa</span> <span class='ocrx_word' id='word_1_7' title='bbox 587 260 626 318; x_wconf 77' lang='lat' dir='ltr'>sle</span> <span class='ocrx_word' id='word_1_8' title='bbox 639 257 699 318; x_wconf 89' lang='lat' dir='ltr'>fide</span> <span class='ocrx_word' id='word_1_9' title='bbox 708 268 754 318; x_wconf 86' lang='lat' dir='ltr'>est</span> <span class='ocrx_word' id='word_1_10' title='bbox 767 270 872 319; x_wconf 84' lang='lat' dir='ltr'>contra</span> <span class='ocrx_word' id='word_1_11' title='bbox 885 259 1028 320; x_wconf 86' lang='lat' dir='ltr'><strong>Simonem</strong></span> <span class='ocrx_word' id='word_1_12' title='bbox 1056 252 1072 305; x_wconf 51' lang='grc' dir='ltr'>Τ·</span> 
     </span>
     <span class='ocr_line' id='line_1_3' title="bbox 99 337 1072 418; baseline 0.006 -24"><span class='ocrx_word' id='word_1_13' title='bbox 99 337 224 417; x_wconf 81' lang='lat' dir='ltr'>Magum</span> <span class='ocrx_word' id='word_1_14' title='bbox 234 348 265 397; x_wconf 86' lang='lat' dir='ltr'>et</span> <span class='ocrx_word' id='word_1_15' title='bbox 275 337 451 400; x_wconf 90' lang='lat' dir='ltr'>Lutherum.</span> <span class='ocrx_word' id='word_1_16' title='bbox 496 340 644 399; x_wconf 82' lang='lat' dir='ltr'>Probatur</span> <span class='ocrx_word' id='word_1_17' title='bbox 663 359 700 398; x_wconf 86' lang='lat' dir='ltr'>ex</span> <span class='ocrx_word' id='word_1_18' title='bbox 715 340 821 398; x_wconf 88' lang='lat' dir='ltr'>Matth.</span> <span class='ocrx_word' id='word_1_19' title='bbox 837 360 903 418; x_wconf 90' lang='lat' dir='ltr'>cap.</span> <span class='ocrx_word' id='word_1_20' title='bbox 925 348 971 410; x_wconf 92' lang='grc'><strong>19.</strong></span> <span class='ocrx_word' id='word_1_21' title='bbox 985 344 1029 400; x_wconf 90' lang='lat' dir='ltr'>ubi</span> <span class='ocrx_word' id='word_1_22' title='bbox 1052 343 1072 386; x_wconf 48' lang='grc' dir='ltr'><strong>ἓ</strong></span> 
     </span>
     <span class='ocr_line' id='line_1_4' title="bbox 99 418 1072 498; baseline 0.004 -22"><span class='ocrx_word' id='word_1_23' title='bbox 99 418 248 485; x_wconf 83' lang='lat' dir='ltr'>Christus¹</span> <span class='ocrx_word' id='word_1_24' title='bbox 258 420 453 496; x_wconf 85' lang='lat' dir='ltr'>interroganti</span> <span class='ocrx_word' id='word_1_25' title='bbox 468 420 542 497; x_wconf 89' lang='lat' dir='ltr'>quid</span> <span class='ocrx_word' id='word_1_26' title='bbox 562 419 733 479; x_wconf 86' lang='lat' dir='ltr'>faciendum</span> <span class='ocrx_word' id='word_1_27' title='bbox 749 420 787 478; x_wconf 90' lang='lat' dir='ltr'>sit</span> <span class='ocrx_word' id='word_1_28' title='bbox 799 419 838 478; x_wconf 90' lang='lat' dir='ltr'>ad</span> <span class='ocrx_word' id='word_1_29' title='bbox 852 439 1029 498; x_wconf 89' lang='lat' dir='ltr'>consequen·</span> <span class='ocrx_word' id='word_1_30' title='bbox 1053 426 1072 467; x_wconf 57' lang='grc' dir='ltr'>ὲ·-</span> 
     </span>
     <span class='ocr_line' id='line_1_5' title="bbox 100 497 1072 579; baseline 0.006 -25"><span class='ocrx_word' id='word_1_31' title='bbox 100 497 166 557; x_wconf 88' lang='lat' dir='ltr'>dam</span> <span class='ocrx_word' id='word_1_32' title='bbox 182 500 273 558; x_wconf 87' lang='lat' dir='ltr'>vitam</span> <span class='ocrx_word' id='word_1_33' title='bbox 286 509 436 570; x_wconf 72' lang='lat' dir='ltr'>aternam,</span> <span class='ocrx_word' id='word_1_34' title='bbox 458 500 618 579; x_wconf 85' lang='lat' dir='ltr'>respondet</span> <span class='ocrx_word' id='word_1_35' title='bbox 632 520 660 559; x_wconf 85' lang='lat' dir='ltr'>v.</span> <span class='ocrx_word' id='word_1_36' title='bbox 685 509 730 568; x_wconf 81' lang='lat'>17.</span> <span class='ocrx_word' id='word_1_37' title='bbox 751 508 772 535; x_wconf 80' lang='lat'>‘¹</span> <span class='ocrx_word' id='word_1_38' title='bbox 787 500 818 559; x_wconf 90' lang='lat' dir='ltr'>Si</span> <span class='ocrx_word' id='word_1_39' title='bbox 832 501 877 558; x_wconf 87' lang='lat' dir='ltr'>vis</span> <span class='ocrx_word' id='word_1_40' title='bbox 890 499 930 558; x_wconf 87' lang='lat' dir='ltr'>ad</span> <span class='ocrx_word' id='word_1_41' title='bbox 944 501 1031 560; x_wconf 82' lang='lat' dir='ltr'>vitam</span> <span class='ocrx_word' id='word_1_42' title='bbox 1052 505 1072 547; x_wconf 67' lang='grc' dir='ltr'>’ἲ</span> 
     </span>
     <span class='ocr_line' id='line_1_6' title="bbox 101 579 1072 659; baseline 0.006 -24"><span class='ocrx_word' id='word_1_43' title='bbox 101 585 120 610; x_wconf 86' lang='grc'><strong>“</strong></span> <span class='ocrx_word' id='word_1_44' title='bbox 136 579 264 657; x_wconf 76' lang='lat' dir='ltr'>ingredi,</span> <span class='ocrx_word' id='word_1_45' title='bbox 284 600 369 639; x_wconf 90' lang='lat' dir='ltr'>serva</span> <span class='ocrx_word' id='word_1_46' title='bbox 392 581 559 640; x_wconf 88' lang='lat' dir='ltr'>mandata.&#39;’</span> <span class='ocrx_word' id='word_1_47' title='bbox 580 583 621 639; x_wconf 92' lang='lat' dir='ltr'>Et</span> <span class='ocrx_word' id='word_1_48' title='bbox 635 583 741 658; x_wconf 78' lang='lat' dir='ltr'>Apost.</span> <span class='ocrx_word' id='word_1_49' title='bbox 756 579 795 639; x_wconf 91' lang='lat' dir='ltr'>ad</span> <span class='ocrx_word' id='word_1_50' title='bbox 810 581 893 638; x_wconf 88' lang='lat' dir='ltr'>Rom.</span> <span class='ocrx_word' id='word_1_51' title='bbox 919 599 983 659; x_wconf 88' lang='lat' dir='ltr'>cap.</span> <span class='ocrx_word' id='word_1_52' title='bbox 1005 591 1031 641; x_wconf 65' lang='grc' dir='ltr'><strong>ἰ.</strong></span> <span class='ocrx_word' id='word_1_53' title='bbox 1054 590 1072 649; x_wconf 73' lang='grc' dir='ltr'>ἓ</span> 
     </span>
     <span class='ocr_line' id='line_1_7' title="bbox 100 659 1069 740; baseline 0.006 -26"><span class='ocrx_word' id='word_1_54' title='bbox 100 679 129 716; x_wconf 89' lang='lat' dir='ltr'>v.</span> <span class='ocrx_word' id='word_1_55' title='bbox 149 667 194 719; x_wconf 82' lang='lat'>13.</span> <span class='ocrx_word' id='word_1_56' title='bbox 210 667 230 695; x_wconf 93' lang='lat'><strong><em>“</em></strong></span> <span class='ocrx_word' id='word_1_57' title='bbox 246 660 315 718; x_wconf 91' lang='lat' dir='ltr'>Non</span> <span class='ocrx_word' id='word_1_58' title='bbox 329 660 479 727; x_wconf 81' lang='lat' dir='ltr'>auditores</span> <span class='ocrx_word' id='word_1_59' title='bbox 492 661 567 740; x_wconf 81' lang='lat' dir='ltr'>legis</span> <span class='ocrx_word' id='word_1_60' title='bbox 578 660 653 740; x_wconf 85' lang='lat' dir='ltr'>justi</span> <span class='ocrx_word' id='word_1_61' title='bbox 668 670 738 719; x_wconf 89' lang='lat' dir='ltr'>sunt</span> <span class='ocrx_word' id='word_1_62' title='bbox 751 659 833 740; x_wconf 88' lang='lat' dir='ltr'>apud</span> <span class='ocrx_word' id='word_1_63' title='bbox 848 660 960 732; x_wconf 88' lang='lat' dir='ltr'>Deum,</span> <span class='ocrx_word' id='word_1_64' title='bbox 984 662 1032 720; x_wconf 90' lang='lat' dir='ltr'>sed</span> <span class='ocrx_word' id='word_1_65' title='bbox 1053 672 1069 710; x_wconf 67' lang='lat'>⁴-</span> 
     </span>
     <span class='ocr_line' id='line_1_8' title="bbox 101 738 1072 818; baseline 0.004 -22"><span class='ocrx_word' id='word_1_66' title='bbox 101 738 258 799; x_wconf 82' lang='lat' dir='ltr'>“factores</span> <span class='ocrx_word' id='word_1_67' title='bbox 278 741 353 818; x_wconf 83' lang='lat' dir='ltr'>legis</span> <span class='ocrx_word' id='word_1_68' title='bbox 371 741 643 818; x_wconf 82' lang='lat' dir='ltr'>justificabuntur.&#39;&#39;</span> <span class='ocrx_word' id='word_1_69' title='bbox 664 741 742 800; x_wconf 91' lang='lat' dir='ltr'>Vide</span> <span class='ocrx_word' id='word_1_70' title='bbox 754 742 844 800; x_wconf 85' lang='lat' dir='ltr'>Cone.</span> <span class='ocrx_word' id='word_1_71' title='bbox 860 740 946 800; x_wconf 75' lang='lat' dir='ltr'>Tiid.</span> <span class='ocrx_word' id='word_1_72' title='bbox 968 762 1031 801; x_wconf 88' lang='lat' dir='ltr'>sess.</span> <span class='ocrx_word' id='word_1_73' title='bbox 1053 760 1072 789; x_wconf 61' lang='lat' dir='ltr'>a</span> 
     </span>
     <span class='ocr_line' id='line_1_9' title="bbox 101 819 806 890; baseline 0.003 -12"><span class='ocrx_word' id='word_1_74' title='bbox 101 819 128 878; x_wconf 82' lang='grc'><strong>6.</strong></span> <span class='ocrx_word' id='word_1_75' title='bbox 145 839 209 884; x_wconf 83' lang='lat' dir='ltr'>can,</span> <span class='ocrx_word' id='word_1_76' title='bbox 230 829 419 890; x_wconf 71' lang='lat' dir='ltr'>9.19et20.</span> <span class='ocrx_word' id='word_1_77' title='bbox 537 864 540 872; x_wconf 84' lang='grc'>-</span> <span class='ocrx_word' id='word_1_78' title='bbox 800 834 806 846; x_wconf 88' lang='grc'><em>“</em></span> 
     </span>
    </p>

    <p class='ocr_par' dir='ltr' id='par_1_3' title="bbox 143 901 1033 983">
     <span class='ocr_line' id='line_1_10' title="bbox 143 901 1033 983; baseline -0.001 -23"><span class='ocrx_word' id='word_1_79' title='bbox 143 901 215 980; x_wconf 89' lang='lat' dir='ltr'>Obj.</span> <span class='ocrx_word' id='word_1_80' title='bbox 225 901 263 959; x_wconf 84' lang='lat' dir='ltr'>ad</span> <span class='ocrx_word' id='word_1_81' title='bbox 277 903 360 959; x_wconf 88' lang='lat' dir='ltr'>Rom.</span> <span class='ocrx_word' id='word_1_82' title='bbox 373 922 435 980; x_wconf 92' lang='lat' dir='ltr'>cap.</span> <span class='ocrx_word' id='word_1_83' title='bbox 451 902 479 962; x_wconf 85' lang='lat'>6.</span> <span class='ocrx_word' id='word_1_84' title='bbox 492 923 519 961; x_wconf 89' lang='lat' dir='ltr'>v.</span> <span class='ocrx_word' id='word_1_85' title='bbox 531 912 580 964; x_wconf 79' lang='lat'>23.</span> <span class='ocrx_word' id='word_1_86' title='bbox 594 902 655 961; x_wconf 84' lang='lat' dir='ltr'>vita</span> <span class='ocrx_word' id='word_1_87' title='bbox 668 913 776 983; x_wconf 82' lang='lat' dir='ltr'>oeterna</span> <span class='ocrx_word' id='word_1_88' title='bbox 786 911 911 961; x_wconf 85' lang='lat' dir='ltr'>vocatur</span> <span class='ocrx_word' id='word_1_89' title='bbox 924 903 1033 980; x_wconf 80' lang='lat' dir='ltr'>gratia:</span> 
     </span>
    </p>

    <p class='ocr_par' dir='ltr' id='par_1_4' title="bbox 71 982 746 1062">
     <span class='ocr_line' id='line_1_11' title="bbox 71 982 746 1062; baseline 0.003 -24"><span class='ocrx_word' id='word_1_90' title='bbox 71 1004 73 1009; x_wconf 37' lang='lat' dir='ltr'><strong><em>s</em></strong></span> <span class='ocrx_word' id='word_1_91' title='bbox 101 1000 177 1057; x_wconf 75' lang='lat' dir='ltr'>ergo</span> <span class='ocrx_word' id='word_1_92' title='bbox 191 1001 253 1039; x_wconf 87' lang='lat' dir='ltr'>non</span> <span class='ocrx_word' id='word_1_93' title='bbox 267 983 476 1059; x_wconf 83' lang='lat' dir='ltr'>consequimur</span> <span class='ocrx_word' id='word_1_94' title='bbox 489 1003 554 1043; x_wconf 86' lang='lat' dir='ltr'>earn</span> <span class='ocrx_word' id='word_1_95' title='bbox 567 1003 621 1062; x_wconf 88' lang='lat' dir='ltr'>per</span> <span class='ocrx_word' id='word_1_96' title='bbox 630 982 746 1041; x_wconf 84' lang='lat' dir='ltr'>merita.</span> 
     </span>
    </p>

    <p class='ocr_par' dir='ltr' id='par_1_5' title="bbox 101 1062 1072 1539">
     <span class='ocr_line' id='line_1_12' title="bbox 143 1062 1034 1158; baseline 0.003 -40"><span class='ocrx_word' id='word_1_97' title='bbox 143 1062 178 1119; x_wconf 88' lang='lat' dir='ltr'>R.</span> <span class='ocrx_word' id='word_1_98' title='bbox 193 1063 364 1140; x_wconf 86' lang='lat' dir='ltr'>Utrumque</span> <span class='ocrx_word' id='word_1_99' title='bbox 374 1063 434 1122; x_wconf 87' lang='lat' dir='ltr'>dici</span> <span class='ocrx_word' id='word_1_100' title='bbox 442 1074 549 1141; x_wconf 86' lang='lat' dir='ltr'>potest,</span> <span class='ocrx_word' id='word_1_101' title='bbox 563 1062 685 1158; x_wconf 82' lang='lat' dir='ltr'>1⁰.un</span> <span class='ocrx_word' id='word_1_102' title='bbox 697 1062 881 1132; x_wconf 83' lang='lat' dir='ltr'>vitaaeterna,</span> <span class='ocrx_word' id='word_1_103' title='bbox 896 1073 1034 1141; x_wconf 85' lang='lat' dir='ltr'>tanquam</span> 
     </span>
     <span class='ocr_line' id='line_1_13' title="bbox 101 1142 1034 1222; baseline 0.006 -26"><span class='ocrx_word' id='word_1_104' title='bbox 101 1159 227 1214; x_wconf 88' lang='lat' dir='ltr'>merces,</span> <span class='ocrx_word' id='word_1_105' title='bbox 252 1142 433 1220; x_wconf 84' lang='lat' dir='ltr'>rependatur</span> <span class='ocrx_word' id='word_1_106' title='bbox 450 1145 537 1202; x_wconf 89' lang='lat' dir='ltr'>bonis</span> <span class='ocrx_word' id='word_1_107' title='bbox 549 1145 699 1222; x_wconf 84' lang='lat' dir='ltr'>opersbus,</span> <span class='ocrx_word' id='word_1_108' title='bbox 720 1154 751 1202; x_wconf 91' lang='lat' dir='ltr'>et</span> <span class='ocrx_word' id='word_1_109' title='bbox 772 1142 854 1221; x_wconf 82' lang='lat' dir='ltr'>qudd</span> <span class='ocrx_word' id='word_1_110' title='bbox 877 1143 917 1202; x_wconf 86' lang='lat' dir='ltr'>sit</span> <span class='ocrx_word' id='word_1_111' title='bbox 930 1143 1034 1221; x_wconf 78' lang='lat' dir='ltr'>gratia</span> 
     </span>
     <span class='ocr_line' id='line_1_14' title="bbox 104 1220 1035 1301; baseline 0.004 -23"><span class='ocrx_word' id='word_1_112' title='bbox 104 1220 216 1281; x_wconf 85' lang='lat' dir='ltr'>scilicet</span> <span class='ocrx_word' id='word_1_113' title='bbox 236 1222 269 1281; x_wconf 90' lang='lat' dir='ltr'>in</span> <span class='ocrx_word' id='word_1_114' title='bbox 283 1223 403 1294; x_wconf 87' lang='lat' dir='ltr'>semine,</span> <span class='ocrx_word' id='word_1_115' title='bbox 424 1224 605 1301; x_wconf 79' lang='lat' dir='ltr'>inquantum</span> <span class='ocrx_word' id='word_1_116' title='bbox 627 1242 717 1301; x_wconf 88' lang='lat' dir='ltr'>opera</span> <span class='ocrx_word' id='word_1_117' title='bbox 736 1225 815 1282; x_wconf 88' lang='lat' dir='ltr'>bona</span> <span class='ocrx_word' id='word_1_118' title='bbox 829 1224 940 1301; x_wconf 89' lang='lat' dir='ltr'>quibus</span> <span class='ocrx_word' id='word_1_119' title='bbox 956 1223 1035 1282; x_wconf 88' lang='lat' dir='ltr'>illam</span> 
     </span>
     <span class='ocr_line' id='line_1_15' title="bbox 103 1304 1038 1382; baseline 0.007 -24"><span class='ocrx_word' id='word_1_120' title='bbox 103 1321 258 1374; x_wconf 86' lang='lat' dir='ltr'>meremur,</span> <span class='ocrx_word' id='word_1_121' title='bbox 272 1305 441 1381; x_wconf 88' lang='lat' dir='ltr'>procedunt</span> <span class='ocrx_word' id='word_1_122' title='bbox 454 1324 490 1362; x_wconf 86' lang='lat' dir='ltr'>ex</span> <span class='ocrx_word' id='word_1_123' title='bbox 504 1305 620 1382; x_wconf 75' lang='lat' dir='ltr'>gratid;</span> <span class='ocrx_word' id='word_1_124' title='bbox 646 1304 775 1362; x_wconf 78' lang='lat' dir='ltr'>secundi)</span> <span class='ocrx_word' id='word_1_125' title='bbox 788 1315 913 1363; x_wconf 80' lang='lat' dir='ltr'>vocetur</span> <span class='ocrx_word' id='word_1_126' title='bbox 932 1307 1038 1382; x_wconf 80' lang='lat' dir='ltr'>gratia,</span> 
     </span>
     <span class='ocr_line' id='line_1_16' title="bbox 104 1382 1072 1466; baseline 0.006 -28"><span class='ocrx_word' id='word_1_127' title='bbox 104 1382 173 1459; x_wconf 89' lang='lat' dir='ltr'>quia</span> <span class='ocrx_word' id='word_1_128' title='bbox 190 1383 285 1443; x_wconf 86' lang='lat' dir='ltr'>Electi</span> <span class='ocrx_word' id='word_1_129' title='bbox 304 1385 435 1463; x_wconf 73' lang='lat' dir='ltr'>gratuito</span> <span class='ocrx_word' id='word_1_130' title='bbox 454 1384 493 1442; x_wconf 86' lang='lat' dir='ltr'>ad</span> <span class='ocrx_word' id='word_1_131' title='bbox 506 1384 588 1443; x_wconf 81' lang='lat' dir='ltr'>illam</span> <span class='ocrx_word' id='word_1_132' title='bbox 609 1384 868 1462; x_wconf 67' lang='lat' dir='ltr'>praedestinantur,</span> <span class='ocrx_word' id='word_1_133' title='bbox 889 1384 961 1445; x_wconf 74' lang='lat' dir='ltr'>licet</span> <span class='ocrx_word' id='word_1_134' title='bbox 974 1387 1037 1466; x_wconf 86' lang='lat' dir='ltr'>ejus</span> <span class='ocrx_word' id='word_1_135' title='bbox 1070 1440 1072 1444; x_wconf 87' lang='lat'>.</span> 
     </span>
     <span class='ocr_line' id='line_1_17' title="bbox 104 1463 1072 1539; baseline 0.003 -20"><span class='ocrx_word' id='word_1_136' title='bbox 104 1463 261 1539; x_wconf 89' lang='lat' dir='ltr'>acquisitio</span> <span class='ocrx_word' id='word_1_137' title='bbox 270 1484 331 1523; x_wconf 92' lang='lat' dir='ltr'>non</span> <span class='ocrx_word' id='word_1_138' title='bbox 344 1464 489 1524; x_wconf 84' lang='lat' dir='ltr'>habeatur</span> <span class='ocrx_word' id='word_1_139' title='bbox 500 1465 564 1524; x_wconf 90' lang='lat' dir='ltr'>sine</span> <span class='ocrx_word' id='word_1_140' title='bbox 577 1465 700 1524; x_wconf 86' lang='lat' dir='ltr'>meritis.</span> <span class='ocrx_word' id='word_1_141' title='bbox 1060 1516 1072 1522; x_wconf 94' lang='lat'>-</span> 
     </span>
    </p>

    <p class='ocr_par' dir='ltr' id='par_1_6' title="bbox 39 1544 1072 2342">
     <span class='ocr_line' id='line_1_18' title="bbox 145 1544 1072 1623; baseline 0.001 -23"><span class='ocrx_word' id='word_1_142' title='bbox 145 1544 220 1605; x_wconf 82' lang='lat' dir='ltr'>Inst.</span> <span class='ocrx_word' id='word_1_143' title='bbox 234 1545 296 1604; x_wconf 86' lang='lat' dir='ltr'>vita</span> <span class='ocrx_word' id='word_1_144' title='bbox 305 1557 413 1604; x_wconf 79' lang='lat' dir='ltr'>aterna</span> <span class='ocrx_word' id='word_1_145' title='bbox 425 1545 468 1604; x_wconf 91' lang='lat' dir='ltr'>sic</span> <span class='ocrx_word' id='word_1_146' title='bbox 478 1555 522 1605; x_wconf 87' lang='lat' dir='ltr'>est</span> <span class='ocrx_word' id='word_1_147' title='bbox 534 1547 640 1623; x_wconf 81' lang='lat' dir='ltr'>gratia,</span> <span class='ocrx_word' id='word_1_148' title='bbox 654 1545 782 1604; x_wconf 83' lang='lat' dir='ltr'>utnulla</span> <span class='ocrx_word' id='word_1_149' title='bbox 791 1545 880 1605; x_wconf 90' lang='lat' dir='ltr'>modo</span> <span class='ocrx_word' id='word_1_150' title='bbox 890 1546 1033 1611; x_wconf 77' lang='lat' dir='ltr'>retribua-</span> <span class='ocrx_word' id='word_1_151' title='bbox 1054 1568 1072 1601; x_wconf 69' lang='lat' dir='ltr'>a</span> 
     </span>
     <span class='ocr_line' id='line_1_19' title="bbox 39 1625 1072 1705; baseline 0.002 -26"><span class='ocrx_word' id='word_1_152' title='bbox 39 1664 45 1674; x_wconf 82' lang='grc'><strong>.</strong></span> <span class='ocrx_word' id='word_1_153' title='bbox 104 1634 153 1681; x_wconf 88' lang='lat' dir='ltr'>tar</span> <span class='ocrx_word' id='word_1_154' title='bbox 167 1626 329 1704; x_wconf 86' lang='lat' dir='ltr'>operibus;</span> <span class='ocrx_word' id='word_1_155' title='bbox 357 1630 464 1703; x_wconf 74' lang='lat' dir='ltr'>Apost.</span> <span class='ocrx_word' id='word_1_156' title='bbox 474 1627 552 1685; x_wconf 86' lang='lat' dir='ltr'>enim</span> <span class='ocrx_word' id='word_1_157' title='bbox 566 1645 629 1705; x_wconf 89' lang='lat' dir='ltr'>cap.</span> <span class='ocrx_word' id='word_1_158' title='bbox 647 1632 691 1684; x_wconf 90' lang='lat' dir='ltr'>ll.</span> <span class='ocrx_word' id='word_1_159' title='bbox 706 1647 735 1684; x_wconf 87' lang='lat' dir='ltr'>v.</span> <span class='ocrx_word' id='word_1_160' title='bbox 750 1626 778 1686; x_wconf 84' lang='lat'>6.</span> <span class='ocrx_word' id='word_1_161' title='bbox 787 1625 878 1685; x_wconf 89' lang='lat' dir='ltr'>dicit:</span> <span class='ocrx_word' id='word_1_162' title='bbox 904 1634 924 1660; x_wconf 91' lang='lat'><strong>“</strong></span> <span class='ocrx_word' id='word_1_163' title='bbox 940 1627 973 1685; x_wconf 80' lang='lat' dir='ltr'>Si</span> <span class='ocrx_word' id='word_1_164' title='bbox 986 1648 1033 1686; x_wconf 85' lang='lat' dir='ltr'>au.</span> <span class='ocrx_word' id='word_1_165' title='bbox 1051 1647 1072 1681; x_wconf 68' lang='lat' dir='ltr'><strong><em>z</em></strong></span> 
     </span>
     <span class='ocr_line' id='line_1_20' title="bbox 105 1705 1072 1786; baseline 0.006 -24"><span class='ocrx_word' id='word_1_166' title='bbox 105 1709 196 1762; x_wconf 86' lang='lat' dir='ltr'>“tem</span> <span class='ocrx_word' id='word_1_167' title='bbox 209 1705 314 1784; x_wconf 82' lang='lat' dir='ltr'>gratia,</span> <span class='ocrx_word' id='word_1_168' title='bbox 337 1709 400 1786; x_wconf 88' lang='lat' dir='ltr'>jam</span> <span class='ocrx_word' id='word_1_169' title='bbox 414 1725 475 1765; x_wconf 91' lang='lat' dir='ltr'>non</span> <span class='ocrx_word' id='word_1_170' title='bbox 488 1727 526 1766; x_wconf 82' lang='lat' dir='ltr'>ex</span> <span class='ocrx_word' id='word_1_171' title='bbox 540 1708 679 1785; x_wconf 91' lang='lat' dir='ltr'>operibus</span> <span class='ocrx_word' id='word_1_172' title='bbox 693 1731 701 1766; x_wconf 78' lang='grc' dir='ltr'><strong>ε</strong></span> <span class='ocrx_word' id='word_1_173' title='bbox 725 1706 859 1785; x_wconf 88' lang='lat' dir='ltr'>alioquin</span> <span class='ocrx_word' id='word_1_174' title='bbox 869 1706 967 1785; x_wconf 80' lang='lat' dir='ltr'>gratia</span> <span class='ocrx_word' id='word_1_175' title='bbox 976 1707 1030 1786; x_wconf 81' lang='lat' dir='ltr'>jau</span> <span class='ocrx_word' id='word_1_176' title='bbox 1048 1725 1072 1759; x_wconf 86' lang='lat'>&#39;=·</span> 
     </span>
     <span class='ocr_line' id='line_1_21' title="bbox 106 1789 1072 1864; baseline 0.004 -22"><span class='ocrx_word' id='word_1_177' title='bbox 106 1790 126 1816; x_wconf 92' lang='lat'><strong>“</strong></span> <span class='ocrx_word' id='word_1_178' title='bbox 140 1805 200 1843; x_wconf 92' lang='lat' dir='ltr'>non</span> <span class='ocrx_word' id='word_1_179' title='bbox 214 1796 259 1844; x_wconf 90' lang='lat' dir='ltr'>est</span> <span class='ocrx_word' id='word_1_180' title='bbox 277 1789 400 1864; x_wconf 83' lang='lat' dir='ltr'>gratia.”</span> <span class='ocrx_word' id='word_1_181' title='bbox 903 1789 910 1797; x_wconf 70' lang='grc'><strong>”</strong></span> <span class='ocrx_word' id='word_1_182' title='bbox 1048 1804 1072 1837; x_wconf 62' lang='lat'><strong>²</strong></span> 
     </span>
     <span class='ocr_line' id='line_1_22' title="bbox 43 1866 1072 1945; baseline 0.005 -22"><span class='ocrx_word' id='word_1_183' title='bbox 43 1913 48 1923; x_wconf 88' lang='lat'>.</span> <span class='ocrx_word' id='word_1_184' title='bbox 145 1867 182 1925; x_wconf 85' lang='lat' dir='ltr'>R.</span> <span class='ocrx_word' id='word_1_185' title='bbox 195 1866 270 1943; x_wconf 79' lang='lat' dir='ltr'>Agit</span> <span class='ocrx_word' id='word_1_186' title='bbox 280 1868 441 1945; x_wconf 83' lang='lat' dir='ltr'>Apostolus</span> <span class='ocrx_word' id='word_1_187' title='bbox 455 1866 493 1925; x_wconf 86' lang='lat' dir='ltr'>de</span> <span class='ocrx_word' id='word_1_188' title='bbox 506 1867 639 1945; x_wconf 69' lang='lat' dir='ltr'>gratuiti</span> <span class='ocrx_word' id='word_1_189' title='bbox 652 1866 924 1945; x_wconf 73' lang='lat' dir='ltr'>praedestinatione,</span> <span class='ocrx_word' id='word_1_190' title='bbox 939 1867 988 1926; x_wconf 91' lang='lat' dir='ltr'>vel</span> <span class='ocrx_word' id='word_1_191' title='bbox 1000 1869 1029 1928; x_wconf 90' lang='lat' dir='ltr'>de</span> <span class='ocrx_word' id='word_1_192' title='bbox 1048 1884 1072 1919; x_wconf 68' lang='lat' dir='ltr'>i·</span> 
     </span>
     <span class='ocr_line' id='line_1_23' title="bbox 103 1945 1072 2025; baseline 0.004 -24"><span class='ocrx_word' id='word_1_193' title='bbox 103 1945 200 2022; x_wconf 70' lang='lat' dir='ltr'>primi</span> <span class='ocrx_word' id='word_1_194' title='bbox 214 1949 368 2007; x_wconf 89' lang='lat' dir='ltr'>vocatione</span> <span class='ocrx_word' id='word_1_195' title='bbox 390 1948 429 2006; x_wconf 91' lang='lat' dir='ltr'>ad</span> <span class='ocrx_word' id='word_1_196' title='bbox 451 1947 537 2006; x_wconf 85' lang='lat' dir='ltr'>fidem</span> <span class='ocrx_word' id='word_1_197' title='bbox 549 1971 559 2019; x_wconf 85' lang='lat'>3</span> <span class='ocrx_word' id='word_1_198' title='bbox 588 1947 697 2007; x_wconf 86' lang='lat' dir='ltr'>deinde</span> <span class='ocrx_word' id='word_1_199' title='bbox 711 1947 785 2005; x_wconf 89' lang='lat' dir='ltr'>solet</span> <span class='ocrx_word' id='word_1_200' title='bbox 808 1948 1029 2025; x_wconf 82' lang='lat' dir='ltr'>Apostolusper</span> <span class='ocrx_word' id='word_1_201' title='bbox 1048 1963 1072 1999; x_wconf 69' lang='lat' dir='ltr'>t:</span> 
     </span>
     <span class='ocr_line' id='line_1_24' title="bbox 104 2027 1072 2106; baseline 0.006 -24"><span class='ocrx_word' id='word_1_202' title='bbox 104 2045 193 2103; x_wconf 86' lang='lat' dir='ltr'>opera</span> <span class='ocrx_word' id='word_1_203' title='bbox 206 2028 373 2105; x_wconf 85' lang='lat' dir='ltr'>intelligere</span> <span class='ocrx_word' id='word_1_204' title='bbox 383 2048 474 2106; x_wconf 87' lang='lat' dir='ltr'>opera</span> <span class='ocrx_word' id='word_1_205' title='bbox 486 2028 550 2086; x_wconf 90' lang='lat' dir='ltr'>sine</span> <span class='ocrx_word' id='word_1_206' title='bbox 563 2029 660 2106; x_wconf 74' lang='lat' dir='ltr'>gratil</span> <span class='ocrx_word' id='word_1_207' title='bbox 671 2047 707 2085; x_wconf 85' lang='lat' dir='ltr'>ex</span> <span class='ocrx_word' id='word_1_208' title='bbox 721 2027 791 2086; x_wconf 88' lang='lat' dir='ltr'>solis</span> <span class='ocrx_word' id='word_1_209' title='bbox 804 2039 917 2086; x_wconf 86' lang='lat' dir='ltr'>naturea</span> <span class='ocrx_word' id='word_1_210' title='bbox 926 2029 1029 2088; x_wconf 82' lang='lat' dir='ltr'>viribus</span> <span class='ocrx_word' id='word_1_211' title='bbox 1050 2042 1072 2078; x_wconf 53' lang='lat'>1:</span> 
     </span>
     <span class='ocr_line' id='line_1_25' title="bbox 103 2105 1072 2186; baseline 0.005 -24"><span class='ocrx_word' id='word_1_212' title='bbox 103 2105 191 2176; x_wconf 85' lang='lat' dir='ltr'>facta,</span> <span class='ocrx_word' id='word_1_213' title='bbox 213 2108 262 2167; x_wconf 93' lang='lat' dir='ltr'>vel</span> <span class='ocrx_word' id='word_1_214' title='bbox 274 2129 365 2186; x_wconf 87' lang='lat' dir='ltr'>opera</span> <span class='ocrx_word' id='word_1_215' title='bbox 377 2108 486 2186; x_wconf 85' lang='lat' dir='ltr'>legalia</span> <span class='ocrx_word' id='word_1_216' title='bbox 497 2131 506 2180; x_wconf 91' lang='lat'>;</span> <span class='ocrx_word' id='word_1_217' title='bbox 531 2110 612 2168; x_wconf 88' lang='lat' dir='ltr'>etita</span> <span class='ocrx_word' id='word_1_218' title='bbox 625 2128 746 2186; x_wconf 90' lang='lat' dir='ltr'>quoque</span> <span class='ocrx_word' id='word_1_219' title='bbox 759 2128 863 2166; x_wconf 88' lang='lat' dir='ltr'>verum</span> <span class='ocrx_word' id='word_1_220' title='bbox 877 2119 932 2180; x_wconf 87' lang='lat' dir='ltr'>est,</span> <span class='ocrx_word' id='word_1_221' title='bbox 961 2109 1032 2186; x_wconf 75' lang='lat' dir='ltr'>quid</span> <span class='ocrx_word' id='word_1_222' title='bbox 1051 2124 1072 2158; x_wconf 68' lang='lat' dir='ltr'>a</span> 
     </span>
     <span class='ocr_line' id='line_1_26' title="bbox 105 2187 1060 2266; baseline 0.005 -25"><span class='ocrx_word' id='word_1_223' title='bbox 105 2189 173 2243; x_wconf 80' lang='lat' dir='ltr'>cnm</span> <span class='ocrx_word' id='word_1_224' title='bbox 191 2188 250 2246; x_wconf 90' lang='lat' dir='ltr'>vits</span> <span class='ocrx_word' id='word_1_225' title='bbox 264 2200 374 2247; x_wconf 75' lang='lat' dir='ltr'>aterna</span> <span class='ocrx_word' id='word_1_226' title='bbox 397 2190 435 2257; x_wconf 85' lang='lat' dir='ltr'>sit</span> <span class='ocrx_word' id='word_1_227' title='bbox 448 2209 485 2247; x_wconf 87' lang='lat' dir='ltr'>ex</span> <span class='ocrx_word' id='word_1_228' title='bbox 507 2191 612 2266; x_wconf 85' lang='lat' dir='ltr'>gratia,</span> <span class='ocrx_word' id='word_1_229' title='bbox 636 2208 698 2247; x_wconf 87' lang='lat' dir='ltr'>non</span> <span class='ocrx_word' id='word_1_230' title='bbox 712 2189 751 2246; x_wconf 89' lang='lat' dir='ltr'>sit</span> <span class='ocrx_word' id='word_1_231' title='bbox 764 2208 801 2247; x_wconf 90' lang='lat' dir='ltr'>ex</span> <span class='ocrx_word' id='word_1_232' title='bbox 821 2189 964 2265; x_wconf 90' lang='lat' dir='ltr'>operibus</span> <span class='ocrx_word' id='word_1_233' title='bbox 977 2189 1031 2247; x_wconf 90' lang='lat' dir='ltr'>sine</span> <span class='ocrx_word' id='word_1_234' title='bbox 1054 2187 1060 2260; x_wconf 68' lang='grc' dir='ltr'>τ]</span> 
     </span>
     <span class='ocr_line' id='line_1_27' title="bbox 103 2268 389 2342; baseline 0.017 -20"><span class='ocrx_word' id='word_1_235' title='bbox 103 2269 198 2342; x_wconf 75' lang='lat' dir='ltr'>gratit</span> <span class='ocrx_word' id='word_1_236' title='bbox 213 2268 308 2328; x_wconf 82' lang='lat' dir='ltr'>factis.</span> <span class='ocrx_word' id='word_1_237' title='bbox 386 2310 389 2315; x_wconf 92' lang='lat'>-</span> 
     </span>
    </p>

    <p class='ocr_par' dir='ltr' id='par_1_7' title="bbox 101 2348 1072 2588">
     <span class='ocr_line' id='line_1_28' title="bbox 145 2348 1072 2429; baseline 0.002 -24"><span class='ocrx_word' id='word_1_238' title='bbox 145 2348 265 2406; x_wconf 83' lang='lat' dir='ltr'>Parvuli</span> <span class='ocrx_word' id='word_1_239' title='bbox 279 2360 375 2407; x_wconf 88' lang='lat' dir='ltr'>tamen</span> <span class='ocrx_word' id='word_1_240' title='bbox 386 2359 417 2407; x_wconf 86' lang='lat' dir='ltr'>et</span> <span class='ocrx_word' id='word_1_241' title='bbox 430 2354 571 2429; x_wconf 84' lang='lat' dir='ltr'>perpetub</span> <span class='ocrx_word' id='word_1_242' title='bbox 585 2359 727 2418; x_wconf 83' lang='lat' dir='ltr'>amentes,</span> <span class='ocrx_word' id='word_1_243' title='bbox 742 2348 910 2407; x_wconf 73' lang='lat' dir='ltr'>immediate</span> <span class='ocrx_word' id='word_1_244' title='bbox 923 2370 960 2407; x_wconf 88' lang='lat' dir='ltr'>ex</span> <span class='ocrx_word' id='word_1_245' title='bbox 974 2370 1030 2408; x_wconf 88' lang='lat' dir='ltr'>me·</span> <span class='ocrx_word' id='word_1_246' title='bbox 1057 2366 1072 2420; x_wconf 71' lang='lat' dir='ltr'>t</span> 
     </span>
     <span class='ocr_line' id='line_1_29' title="bbox 103 2425 1072 2508; baseline 0.004 -24"><span class='ocrx_word' id='word_1_247' title='bbox 103 2425 168 2485; x_wconf 90' lang='lat' dir='ltr'>ritis</span> <span class='ocrx_word' id='word_1_248' title='bbox 182 2429 291 2488; x_wconf 73' lang='lat' dir='ltr'>Christi</span> <span class='ocrx_word' id='word_1_249' title='bbox 306 2450 360 2507; x_wconf 90' lang='lat' dir='ltr'>per</span> <span class='ocrx_word' id='word_1_250' title='bbox 376 2431 560 2508; x_wconf 85' lang='lat' dir='ltr'>Baptismum</span> <span class='ocrx_word' id='word_1_251' title='bbox 579 2430 652 2506; x_wconf 84' lang='lat' dir='ltr'>ipsis</span> <span class='ocrx_word' id='word_1_252' title='bbox 662 2428 828 2507; x_wconf 83' lang='lat' dir='ltr'>applicatis,</span> <span class='ocrx_word' id='word_1_253' title='bbox 840 2430 904 2487; x_wconf 89' lang='lat' dir='ltr'>sine</span> <span class='ocrx_word' id='word_1_254' title='bbox 918 2429 980 2488; x_wconf 92' lang='lat' dir='ltr'>ullo</span> <span class='ocrx_word' id='word_1_255' title='bbox 992 2429 1032 2508; x_wconf 86' lang='lat' dir='ltr'>ip·</span> <span class='ocrx_word' id='word_1_256' title='bbox 1059 2426 1072 2482; x_wconf 73' lang='grc' dir='ltr'>Ξ</span> 
     </span>
     <span class='ocr_line' id='line_1_30' title="bbox 101 2510 716 2588; baseline 0.001 -22"><span class='ocrx_word' id='word_1_257' title='bbox 101 2527 202 2567; x_wconf 85' lang='lat' dir='ltr'>sorum</span> <span class='ocrx_word' id='word_1_258' title='bbox 216 2511 339 2588; x_wconf 88' lang='lat' dir='ltr'>proprio</span> <span class='ocrx_word' id='word_1_259' title='bbox 350 2513 431 2569; x_wconf 90' lang='lat' dir='ltr'>bono</span> <span class='ocrx_word' id='word_1_260' title='bbox 443 2530 542 2588; x_wconf 87' lang='lat' dir='ltr'>opere,</span> <span class='ocrx_word' id='word_1_261' title='bbox 558 2510 716 2568; x_wconf 88' lang='lat' dir='ltr'>salvantur.</span> 
     </span>
    </p>
   </div>
   <div class='ocr_carea' id='block_1_3' title="bbox 104 2669 1072 2832">
    <p class='ocr_par' dir='ltr' id='par_1_8' title="bbox 104 2636 1072 2857">
     <span class='ocr_line' id='line_1_31' title="bbox 104 2669 1036 2731; baseline -0.001 -6"><span class='ocrx_word' id='word_1_262' title='bbox 104 2669 141 2725; x_wconf 91' lang='lat' dir='ltr'>N.</span> <span class='ocrx_word' id='word_1_263' title='bbox 154 2677 199 2727; x_wconf 91' lang='lat'>10.</span> <span class='ocrx_word' id='word_1_264' title='bbox 222 2672 280 2730; x_wconf 92' lang='lat' dir='ltr'>DE</span> <span class='ocrx_word' id='word_1_265' title='bbox 304 2669 703 2731; x_wconf 83' lang='lat' dir='ltr'>INAMISSIBILITATE</span> <span class='ocrx_word' id='word_1_266' title='bbox 725 2669 1036 2730; x_wconf 76' lang='lat' dir='ltr'>BEATITUDINIS</span> 
     </span>
     <span class='ocr_line' id='line_1_32' title="bbox 196 2770 1072 2832; baseline 0.001 -4"><span class='ocrx_word' id='word_1_267' title='bbox 196 2771 251 2830; x_wconf 88' lang='lat' dir='ltr'>ET</span> <span class='ocrx_word' id='word_1_268' title='bbox 275 2770 671 2832; x_wconf 75' lang='lat' dir='ltr'>IMPECCABILITATE</span> <span class='ocrx_word' id='word_1_269' title='bbox 694 2770 945 2830; x_wconf 81' lang='lat' dir='ltr'>BEATORUM.</span> <span class='ocrx_word' id='word_1_270' title='bbox 1067 2771 1072 2799; x_wconf 82' lang='lat'>¹</span> 
     </span>
    </p>
   </div>
   <div class='ocr_carea' id='block_1_4' title="bbox 365 2931 776 3011">
    <p class='ocr_par' dir='ltr' id='par_1_9' title="bbox 365 2931 776 3011">
     <span class='ocr_line' id='line_1_33' title="bbox 365 2931 776 3011; baseline 0.007 -22"><span class='ocrx_word' id='word_1_271' title='bbox 365 2931 395 2989; x_wconf 83' lang='lat' dir='ltr'>S.</span> <span class='ocrx_word' id='word_1_272' title='bbox 414 2932 510 2991; x_wconf 74' lang='lat' dir='ltr'>Thone.</span> <span class='ocrx_word' id='word_1_273' title='bbox 524 2941 621 3011; x_wconf 59' lang='lat' dir='ltr'>west.</span> <span class='ocrx_word' id='word_1_274' title='bbox 637 2941 665 2993; x_wconf 88' lang='grc'>5.</span> <span class='ocrx_word' id='word_1_275' title='bbox 679 2940 735 2991; x_wconf 79' lang='lat' dir='ltr'>art.</span> <span class='ocrx_word' id='word_1_276' title='bbox 747 2940 776 2992; x_wconf 78' lang='lat'>4.</span> 
     </span>
    </p>
   </div>
   <div class='ocr_carea' id='block_1_5' title="bbox 105 3086 1038 3228">
    <p class='ocr_par' dir='ltr' id='par_1_10' title="bbox 105 3086 1038 3228">
     <span class='ocr_line' id='line_1_34' title="bbox 105 3086 1038 3228; baseline 0.004 -84"><span class='ocrx_word' id='word_1_277' title='bbox 105 3087 130 3148; x_wconf 87' lang='lat' dir='ltr'>l.</span> <span class='ocrx_word' id='word_1_278' title='bbox 152 3086 303 3148; x_wconf 80' lang='lat' dir='ltr'>Beatitudo</span> <span class='ocrx_word' id='word_1_279' title='bbox 326 3101 370 3150; x_wconf 80' lang='lat' dir='ltr'>est</span> <span class='ocrx_word' id='word_1_280' title='bbox 396 3091 596 3152; x_wconf 64' lang='lat' dir='ltr'>inamissibilis.</span> <span class='ocrx_word' id='word_1_281' title='bbox 638 3094 680 3151; x_wconf 92' lang='lat' dir='ltr'>II.</span> <span class='ocrx_word' id='word_1_282' title='bbox 701 3091 792 3228; x_wconf 73' lang='lat' dir='ltr'>idque</span> <span class='ocrx_word' id='word_1_283' title='bbox 817 3090 852 3148; x_wconf 85' lang='lat' dir='ltr'>ad</span> <span class='ocrx_word' id='word_1_284' title='bbox 881 3089 1038 3160; x_wconf 79' lang='lat' dir='ltr'>intrinseco.</span> 
     </span>
    </p>
   </div>
   <div class='ocr_carea' id='block_1_6' title="bbox 64 3169 1042 3811">
    <p class='ocr_par' dir='ltr' id='par_1_11' title="bbox 64 3169 1042 3811">
     <span class='ocr_line' id='line_1_35' title="bbox 64 3169 927 3250; baseline 0.005 -28"><span class='ocrx_word' id='word_1_285' title='bbox 64 3214 66 3222; x_wconf 80' lang='grc'>,</span> <span class='ocrx_word' id='word_1_286' title='bbox 147 3169 206 3228; x_wconf 92' lang='lat' dir='ltr'>lll.</span> <span class='ocrx_word' id='word_1_287' title='bbox 223 3169 308 3228; x_wconf 79' lang='lat' dir='ltr'>Beati</span> <span class='ocrx_word' id='word_1_288' title='bbox 321 3178 386 3228; x_wconf 78' lang='lat' dir='ltr'>aunt</span> <span class='ocrx_word' id='word_1_289' title='bbox 400 3173 601 3250; x_wconf 78' lang='lat' dir='ltr'>impeccabiles.</span> <span class='ocrx_word' id='word_1_290' title='bbox 644 3171 696 3230; x_wconf 86' lang='lat' dir='ltr'>IV.</span> <span class='ocrx_word' id='word_1_291' title='bbox 712 3171 737 3228; x_wconf 87' lang='lat' dir='ltr'><em>A</em></span> <span class='ocrx_word' id='word_1_292' title='bbox 767 3170 927 3231; x_wconf 80' lang='lat' dir='ltr'>intrinseco.</span> 
     </span>
     <span class='ocr_line' id='line_1_36' title="bbox 145 3329 754 3410; baseline 0.003 -22"><span class='ocrx_word' id='word_1_293' title='bbox 145 3331 202 3388; x_wconf 86' lang='lat' dir='ltr'>AN</span> <span class='ocrx_word' id='word_1_294' title='bbox 217 3329 353 3390; x_wconf 85' lang='lat' dir='ltr'>Coelestis</span> <span class='ocrx_word' id='word_1_295' title='bbox 367 3330 523 3391; x_wconf 87' lang='lat' dir='ltr'>beatitudo</span> <span class='ocrx_word' id='word_1_296' title='bbox 536 3341 635 3410; x_wconf 81' lang='lat' dir='ltr'>potest</span> <span class='ocrx_word' id='word_1_297' title='bbox 643 3330 754 3392; x_wconf 79' lang='lat' dir='ltr'>amitti?</span> 
     </span>
     <span class='ocr_line' id='line_1_37' title="bbox 139 3405 1042 3488; baseline -0.001 -21"><span class='ocrx_word' id='word_1_298' title='bbox 139 3408 163 3468; x_wconf 90' lang='lat'>1.</span> <span class='ocrx_word' id='word_1_299' title='bbox 182 3412 215 3468; x_wconf 86' lang='lat' dir='ltr'>R.</span> <span class='ocrx_word' id='word_1_300' title='bbox 232 3413 258 3468; x_wconf 91' lang='lat' dir='ltr'>N</span> <span class='ocrx_word' id='word_1_301' title='bbox 262 3412 375 3488; x_wconf 76' lang='lat' dir='ltr'>egative</span> <span class='ocrx_word' id='word_1_302' title='bbox 390 3434 397 3480; x_wconf 89' lang='lat'>;</span> <span class='ocrx_word' id='word_1_303' title='bbox 412 3423 457 3471; x_wconf 90' lang='lat' dir='ltr'>est</span> <span class='ocrx_word' id='word_1_304' title='bbox 471 3413 509 3471; x_wconf 89' lang='lat' dir='ltr'>de</span> <span class='ocrx_word' id='word_1_305' title='bbox 523 3405 581 3471; x_wconf 75' lang='lat' dir='ltr'>liele</span> <span class='ocrx_word' id='word_1_306' title='bbox 595 3424 698 3471; x_wconf 86' lang='lat' dir='ltr'>contra</span> <span class='ocrx_word' id='word_1_307' title='bbox 709 3410 875 3488; x_wconf 88' lang='lat' dir='ltr'>Originem.</span> <span class='ocrx_word' id='word_1_308' title='bbox 891 3410 1042 3468; x_wconf 86' lang='lat' dir='ltr'>Probatur</span> 
     </span>
     <span class='ocr_line' id='line_1_38' title="bbox 100 3490 1040 3571; baseline 0.002 -27"><span class='ocrx_word' id='word_1_309' title='bbox 100 3507 137 3544; x_wconf 85' lang='lat' dir='ltr'>ex</span> <span class='ocrx_word' id='word_1_310' title='bbox 153 3490 295 3566; x_wconf 85' lang='lat' dir='ltr'>Symbolo</span> <span class='ocrx_word' id='word_1_311' title='bbox 306 3492 527 3570; x_wconf 85' lang='lat' dir='ltr'>Apostolorum,</span> <span class='ocrx_word' id='word_1_312' title='bbox 538 3494 569 3552; x_wconf 91' lang='lat' dir='ltr'>in</span> <span class='ocrx_word' id='word_1_313' title='bbox 584 3513 644 3571; x_wconf 94' lang='lat' dir='ltr'>quo</span> <span class='ocrx_word' id='word_1_314' title='bbox 654 3493 838 3570; x_wconf 86' lang='lat' dir='ltr'>profitemur,</span> <span class='ocrx_word' id='word_1_315' title='bbox 852 3510 905 3548; x_wconf 89' lang='lat' dir='ltr'>nos</span> <span class='ocrx_word' id='word_1_316' title='bbox 917 3490 1040 3549; x_wconf 89' lang='lat' dir='ltr'>credere</span> 
     </span>
     <span class='ocr_line' id='line_1_39' title="bbox 101 3568 1038 3651; baseline 0.001 -26"><span class='ocrx_word' id='word_1_317' title='bbox 101 3569 193 3628; x_wconf 87' lang='lat' dir='ltr'>vitam</span> <span class='ocrx_word' id='word_1_318' title='bbox 207 3583 347 3629; x_wconf 82' lang='lat' dir='ltr'>aeternam</span> <span class='ocrx_word' id='word_1_319' title='bbox 356 3596 366 3643; x_wconf 84' lang='lat'>‚-</span> <span class='ocrx_word' id='word_1_320' title='bbox 377 3571 456 3629; x_wconf 84' lang='lat' dir='ltr'>idern</span> <span class='ocrx_word' id='word_1_321' title='bbox 467 3585 581 3633; x_wconf 87' lang='lat' dir='ltr'>constat</span> <span class='ocrx_word' id='word_1_322' title='bbox 592 3593 628 3632; x_wconf 83' lang='lat' dir='ltr'>ex</span> <span class='ocrx_word' id='word_1_323' title='bbox 636 3575 704 3651; x_wconf 88' lang='lat' dir='ltr'>Sap.</span> <span class='ocrx_word' id='word_1_324' title='bbox 713 3593 779 3649; x_wconf 85' lang='lat' dir='ltr'>cap.</span> <span class='ocrx_word' id='word_1_325' title='bbox 791 3581 817 3630; x_wconf 88' lang='lat'>5.</span> <span class='ocrx_word' id='word_1_326' title='bbox 830 3591 858 3627; x_wconf 90' lang='lat' dir='ltr'>v.</span> <span class='ocrx_word' id='word_1_327' title='bbox 869 3569 914 3630; x_wconf 88' lang='lat'>16.</span> <span class='ocrx_word' id='word_1_328' title='bbox 930 3568 1038 3630; x_wconf 88' lang='lat' dir='ltr'>“Justi</span> 
     </span>
     <span class='ocr_line' id='line_1_40' title="bbox 103 3649 1038 3729; baseline 0 -22"><span class='ocrx_word' id='word_1_329' title='bbox 103 3649 359 3728; x_wconf 88' lang='lat' dir='ltr'>“inperpetuum</span> <span class='ocrx_word' id='word_1_330' title='bbox 378 3653 507 3723; x_wconf 87' lang='lat' dir='ltr'>vivent,&#39;&#39;</span> <span class='ocrx_word' id='word_1_331' title='bbox 533 3666 609 3714; x_wconf 84' lang='lat' dir='ltr'>etex</span> <span class='ocrx_word' id='word_1_332' title='bbox 626 3664 653 3713; x_wconf 83' lang='lat'>1.</span> <span class='ocrx_word' id='word_1_333' title='bbox 675 3652 756 3713; x_wconf 87' lang='lat' dir='ltr'>Petri</span> <span class='ocrx_word' id='word_1_334' title='bbox 771 3672 834 3729; x_wconf 86' lang='lat' dir='ltr'>cap.</span> <span class='ocrx_word' id='word_1_335' title='bbox 853 3660 879 3711; x_wconf 79' lang='lat' dir='ltr'>l.</span> <span class='ocrx_word' id='word_1_336' title='bbox 901 3672 928 3709; x_wconf 85' lang='lat' dir='ltr'>v.</span> <span class='ocrx_word' id='word_1_337' title='bbox 941 3659 969 3710; x_wconf 76' lang='lat'>4.</span> <span class='ocrx_word' id='word_1_338' title='bbox 986 3651 1038 3709; x_wconf 90' lang='lat' dir='ltr'>ubi</span> 
     </span>
     <span class='ocr_line' id='line_1_41' title="bbox 100 3729 848 3811; baseline 0.009 -27"><span class='ocrx_word' id='word_1_339' title='bbox 100 3729 164 3791; x_wconf 74' lang='lat' dir='ltr'>vita</span> <span class='ocrx_word' id='word_1_340' title='bbox 177 3741 285 3790; x_wconf 84' lang='lat' dir='ltr'>aeterna</span> <span class='ocrx_word' id='word_1_341' title='bbox 300 3743 422 3792; x_wconf 88' lang='lat' dir='ltr'>vocatur</span> <span class='ocrx_word' id='word_1_342' title='bbox 435 3733 592 3795; x_wconf 68' lang='lat' dir='ltr'>haereditas</span> <span class='ocrx_word' id='word_1_343' title='bbox 605 3731 848 3811; x_wconf 87' lang='lat' dir='ltr'>incorruptibilis.</span> 
     </span>
    </p>
   </div>
   <div class='ocr_carea' id='block_1_7' title="bbox 0 0 1080 4066">
    <p class='ocr_par' dir='ltr' id='par_1_12' title="bbox 0 0 1080 4066">
     <span class='ocr_line' id='line_1_42' title="bbox 0 0 1080 4066; baseline 0 0"><span class='ocrx_word' id='word_1_344' title='bbox 0 0 1080 4066; x_wconf 95' lang='lat' dir='ltr'> </span> 
     </span>
    </p>
   </div>
  </div>
 </body>
</html>
