2160 4072
66 96 110 164 66
435 127 637 175 runcinus
796 82 828 151 θ

67 267 245 345 praeparatio
267 270 478 331 beneficiorum
511 272 579 342 Dei,
604 271 716 350 quibus
743 269 910 329 certissimi>
933 268 992 327 libe

71 353 90 379 “
103 360 208 407 rantur
222 349 403 430 quicumque
416 353 609 412 liberantur.”

110 426 170 486 ΙΙΙ.
193 431 416 490 Proedestinatio
440 433 585 491 dividitur
606 432 638 489 in
658 429 949 510 praedestinationem
970 447 992 486 a<

70 509 204 583 gratiam,
220 531 286 588 quae
301 512 465 571 secundism
476 533 580 571 omues
585 512 717 590 gratuita
730 521 784 580 est,
795 521 824 571 et
835 511 868 568 in
880 510 992 587 praedee

36 615 44 626 1
70 587 244 648 tinationem
268 592 307 650 ad
320 593 456 670 gloriam,
483 594 521 651 de
536 598 608 671 qut,
632 592 724 651 ausit
746 591 889 669 grutuita,
907 601 992 668 poste

70 667 288 747 disputabitur:
302 674 326 730 si
340 683 439 731 autern
448 674 537 733 simul
547 675 585 732 sit
592 673 633 732 ad
645 673 770 750 gloriam
780 683 812 731 et
824 671 864 730 ad
874 671 992 748 gratiam

72 748 182 808 dicitur
194 751 416 828 praetlestinatio
430 754 575 832 complete
590 763 719 831 sumpta.
864 806 876 837 ,
980 764 984 769 '

112 828 196 901 Quid
209 832 389 910 intelligitur
402 834 523 893 nomine
548 841 568 868 “
577 832 789 913 praescientiaef’
803 831 836 889 in
850 827 992 909 prefatai

72 911 237 987 Augustini
255 911 448 974 delinitione?

113 991 168 1049 lv.
186 993 220 1050 R.
237 993 404 1062 Molinistae,
420 995 473 1073 qui
492 994 771 1072 predestinationem
785 991 823 1051 ud
836 991 962 1068 gloriam
974 1009 992 1047 e:

72 1073 205 1146 praevisis
216 1073 328 1131 meritis
341 1073 450 1133 factam
465 1076 621 1145 sustinent,
636 1075 751 1144 dicunt,
774 1071 904 1148 intelligi
918 1071 992 1130 scien

73 1150 143 1209 tiam
154 1153 280 1211 mediam
291 1177 300 1224 ;
315 1155 368 1212 sed
379 1156 438 1226 alii,
459 1156 511 1232 qui
524 1155 813 1234 praedestinationem
834 1151 876 1210 ad
888 1151 992 1228 glorier

74 1230 183 1290 docent
193 1253 259 1292 esse
272 1235 444 1312 gratuitam,
468 1255 522 1314 per
536 1235 750 1314 praescientiam
769 1232 944 1308 intelligunt
958 1231 992 1289 eci

1 1359 2 1362 η
75 1313 184 1381 entiam
199 1314 267 1385 Dei,
295 1336 362 1393 quae
375 1326 419 1374 est
434 1336 522 1375 causa
544 1336 646 1375 rerum
669 1313 823 1384 directivu,
849 1312 897 1370 vel
911 1311 992 1389 potii

75 1393 225 1452 scientiam
242 1395 363 1455 visionis
385 1397 518 1455 absolute
542 1397 724 1463 futurorum,
747 1400 806 1472 qut
833 1394 918 1451 Deus
940 1410 992 1470 pru

76 1473 172 1544 scivit,
185 1495 252 1552 quae
266 1477 364 1534 suerat
373 1478 437 1569 ipse
450 1477 594 1547 factumn,
622 1487 656 1534 ut
676 1475 746 1534 alibi
758 1474 831 1533 dicit
845 1473 876 1531 S.
894 1473 992 1549 Augus

76 1554 177 1613 tinus:
203 1555 250 1612 vel
269 1557 391 1615 tandem
402 1578 467 1617 cum
485 1559 569 1617 Estio
592 1556 765 1634 intelligunt
778 1554 941 1641 scieip'arn,
956 1573 992 1629 qu

77 1634 160 1692 Deu's
185 1656 234 1694 eos
242 1637 391 1713 prescivit
402 1650 431 1696 et
441 1637 618 1716 praedilexit,
633 1656 708 1716 quos
721 1635 760 1694 ed
773 1635 867 1709 vitem'
875 1645 992 1692 aeternar

76 1714 244 1774 destinavit.
278 1722 286 1741 ¹
428 1715 430 1721 ’

118 1795 247 1855 Nomine
262 1797 331 1856 vero
352 1797 556 1876 beneficiorum,
575 1819 646 1869 non,
674 1809 708 1856 ut
722 1796 827 1854 volunt
846 1793 992 1852 Moliniste

78 1875 188 1933 auxilia
201 1879 318 1951 tanturn
328 1844 508 1937 lsufficientia
521 1892 551 1938 et
573 1875 841 1938 determinabitur
866 1873 992 1933 voluntat

78 1954 208 2015 humane
232 1968 301 2016 sunt
318 1958 523 2036 intelligenda,
544 1960 596 2018 sed
620 1979 673 2036 per
693 1976 723 2016 se
747 1968 777 2014 et
799 1958 837 2014 ab
859 1954 992 2013 intrinset

78 2036 214 2098 efficacia.
427 2096 429 2101 ,

119 2117 263 2190 Quamvis
274 2120 389 2192 electio,
412 2121 532 2180 dilectio
545 2132 576 2180 et
595 2117 816 2199 praedestinatio
828 2117 861 2175 in
881 2117 946 2174 Deo
958 2114 992 2172 sin

79 2197 184 2255 unicus
194 2210 287 2269 actus,
298 2212 407 2268 tamen,
421 2213 457 2259 ut
469 2202 557 2261 docet
571 2203 601 2262 S.
617 2201 747 2259 Thomas
761 2208 814 2256 art.
826 2207 854 2256 4.
865 2192 992 2275 praedesti

79 2276 159 2335 natio
173 2279 491 2340 secunditmrationem
501 2303 598 2360 praesu
656 2282 671 2355 Ἰ
685 2281 706 2339 't
716 2278 900 2347 electionem,
914 2273 992 2335 electi

79 2356 288 2432 dilectionem
303 2362 398 2438 primo
406 2361 484 2419 enim
500 2363 566 2421 vult
579 2364 610 2420 D
650 2359 760 2419 salicui
775 2359 865 2416 vitam
880 2368 992 2415 oetemau

80 2437 160 2506 dare,
172 2459 238 2516 quae
252 2440 319 2499 finis
334 2453 387 2511 est,
403 2454 433 2500 et
446 2442 503 2502 hoc
514 2456 558 2502 est
572 2442 712 2519 diligere:
724 2439 854 2497 secundo
869 2438 933 2508 vult
946 2431 992 2492 huit

79 2539 141 2595 prae
155 2521 212 2578 alio
226 2521 296 2580 dare
320 2523 411 2580 vitam
435 2534 583 2594 aeternam,
609 2523 690 2600 quod
714 2532 758 2579 est
777 2519 910 2594 eligere:
930 2511 992 2576 terti

80 2599 145 2657 vult
158 2601 240 2660 hunc
252 2622 306 2679 per
320 2603 419 2661 media
432 2604 470 2662 ad
484 2605 573 2662 vitam
584 2615 723 2661 aeternam
737 2599 912 2678 perducere,
936 2611 992 2674 quo(

80 2691 124 2736 est
137 2683 356 2757 praedestinare.

83 2828 182 2893 N-47.
204 2827 258 2886 DE
281 2827 419 2888 CAUSA
444 2827 775 2889 PRAEDESTINATI
791 2825 872 2885 NIS
897 2817 990 2882 MElll

478 2930 622 2991 TORIA.

334 3060 366 3116 S.
387 3058 484 3119 Tironi.
499 3069 597 3139 quoest.
610 3067 658 3118 23.
673 3065 727 3114 art.
743 3065 771 3116 5.

85 3189 108 3246 1.
131 3186 352 3248 Proerlestinotio
366 3198 405 3249 erl
419 3209 453 3246 ex
468 3188 575 3250 moritis
591 3187 706 3249 Christi.
731 3187 773 3246 II.
806 3171 992 3243 predestinati

120 3269 159 3326 ad
169 3267 295 3347 gratiam
310 3283 362 3326 non
372 3271 408 3345 fit
422 3278 537 3347 propter
550 3268 637 3326 ullum
651 3267 769 3326 bominis
781 3264 920 3322 meritum.
959 3251 992 3315 lll

124 3348 249 3407 Errorer
263 3347 343 3406 circa
389 3350 531 3426 cdogmu.

123 3494 253 3565 NOTA,
268 3494 388 3551 nomine
407 3493 506 3551 meriti
528 3493 577 3552 hic
601 3511 661 3550 non
681 3487 810 3564 intelligi
832 3475 992 3542 meritumd

84 3574 233 3655 condigno
247 3570 372 3645 tantilrn,
387 3572 439 3631 sed
453 3574 540 3631 etiam
556 3573 593 3631 de
608 3590 751 3648 congruo,
776 3567 836 3624 imo
857 3563 992 3643 quodcun

86 3675 144 3730 que
157 3658 271 3715 bonum
285 3655 347 3713 sive
358 3652 474 3733 gratiae,
483 3653 545 3712 sive
558 3665 681 3721 naturae,
707 3648 789 3727 quod
803 3647 844 3706 sit
857 3645 904 3703 vel
923 3660 992 3736 caus

82 3736 131 3793 vel
142 3736 229 3807 ratio,
244 3747 299 3797 aut
310 3733 443 3794 conditio
453 3742 472 3767 “
488 3734 627 3812 sineque
637 3729 714 3791 non’'
728 3726 991 3819 uraedestinatroms

101 3820 157 3876 An
172 3814 421 3897 praedestinatio
436 3814 519 3878 fucta
529 3826 615 3876 estex
625 3810 765 3892 urcensis
775 3807 910 3897 meritust
