2152 4066
58 21 114 393 L
343 103 390 151 na
407 104 552 149 accrum
569 102 738 147 nonaum.
948 82 1012 146 283

114 247 151 310 dc
162 250 195 312 S.
205 253 286 330 Aug.
303 251 357 314 lib.
368 259 414 311 10.
435 251 569 311 Confesa.
579 271 643 329 cap.
655 255 703 308 32.
716 257 765 310 33.
775 257 805 307 et
818 256 868 309 34.
879 250 1013 328 agnoscit

114 352 252 409 peccasse
265 331 469 410 voluptatibus
482 330 570 401 visis,
592 330 720 400 auditts,
736 328 884 401 odoratius,
898 340 954 388 etc.

101 412 268 472 observari
276 422 376 471 tamen
387 411 486 482 debet,
496 410 578 488 quod
585 410 684 480 homo,
692 409 764 469 dum
772 409 932 471 deliberate
942 413 1014 489 agit,

58 492 153 553 *heila
168 492 246 552 tales
257 502 343 553 actus
355 492 388 550 in
401 490 489 550 fidem
502 492 658 551 honestum
671 488 802 567 dirigere
821 492 925 568 possit,
940 512 968 550 v.
983 513 1013 569 g.

58 562 103 635 Η
116 574 236 632 bonum
249 573 391 651 corporis,
402 572 452 631 vel
465 572 618 631 honestam
630 571 721 629 animi
733 570 953 630 relaxationem.

58 648 68 691 l
101 654 155 713 Au
168 654 275 713 saltem
284 672 373 731 agere
381 653 527 722 nonlicet,
542 654 580 712 ob
590 650 684 710 solam
693 648 932 723 delectationem,
941 652 1013 711 dum

58 733 115 795 illa
127 743 180 793 sat
189 734 365 794 moderata-t

103 811 171 873 111.
193 816 230 874 R·
246 816 324 892 Neg.
338 815 409 893 quia
423 832 538 891 semper
551 811 660 871 militat
667 810 777 871 eadem
790 810 885 870 ratior
906 812 1015 872 deinde

58 894 120 955 hoc
134 894 240 973 ipsum
249 895 370 954 videtur
380 896 419 954 ab
432 895 532 953 lnnoc.
540 893 730 961 damnatum
740 911 809 949 nam
821 893 984 969 propositio
996 902 1012 951 8

58 974 208 1035 finnata
221 974 402 1035 defmdebat
414 974 634 1041 comestionem,
649 991 715 1050 quae
729 991 790 1029 non
803 974 889 1030 obest
902 973 1015 1031 valetu-

58 1054 138 1127 tini,
162 1055 517 1134 adeoquemoderatumt
537 1054 659 1130 insuper
678 1051 779 1111 nullus
794 1052 1016 1112 Catholicorum

58 1136 329 1275 pnqmuadnerrplocuit,
350 1156 415 1195 ease
428 1136 544 1194 licitum
554 1151 645 1212 agere
657 1143 782 1211 propter
790 1131 1015 1199 delectationem

58 1234 103 1273 uu
232 1226 303 1276 tam.

103 1296 163 1358 lv.
184 1295 392 1365 concluditur,
403 1295 484 1375 quod
497 1292 660 1371 nequidem
673 1293 762 1353 liceat
775 1293 939 1364 intendere,
962 1314 1014 1353 seu

58 1396 156 1455 agere
169 1378 211 1437 ob
224 1375 448 1437 delectationem
468 1387 609 1453 tanquam
629 1374 719 1432 finem
738 1373 946 1432 secundarium
965 1386 1015 1434 aut

174 1476 233 1516 em.

58 1456 267 1615 puillriligitur
282 1556 397 1614 semper
412 1547 456 1595 est
469 1533 607 1594 illicitum
617 1534 730 1593 habere
743 1533 952 1594 delectationes
963 1548 1014 1595 aut

58 1618 287 1677 maeones?

107 1700 145 1757 a.
167 1699 333 1775 negativa:
349 1696 532 1757 solummodo
540 1695 624 1755 enim
635 1693 833 1754 'illicitum-eat
844 1694 1015 1755 delectatio·

58 1778 156 1836 mnus
169 1778 236 1837 istis
248 1779 317 1849 frui,
331 1779 363 1837 id
377 1788 432 1847 est,
445 1775 512 1835 illas
524 1777 634 1835 habere
646 1794 702 1853 pro
716 1774 784 1845 fine,
799 1795 850 1834 seu
861 1776 927 1835 illas
936 1778 1014 1836 velle

58 1868 193 1997 {prpptet
206 1858 335 1937 seipsas3
350 1858 403 1917 sud
416 1856 531 1915 licitum
543 1870 588 1915 est
601 1855 646 1915 uti
660 1854 854 1915 delectatione
872 1866 1015 1936 tanquam

61 1956 98 1995 m
138 1938 168 1996 io
182 1939 219 1996 ad
234 1940 433 2016 operationem
447 1936 580 1995 ct'linem
594 1934 736 1994 debitum.

112 2020 193 2077 Hinc
213 2018 301 2077 docet
315 2021 344 2078 S.
360 2019 467 2077 Thom.
482 2018 514 2075 in
527 2024 556 2075 2.
571 2016 640 2076 dist.
655 2023 703 2074 40.
719 2025 774 2074 art.
787 2023 815 2075 5.
829 2015 861 2072 in
876 2023 897 2048 “
908 2018 1014 2096 Corp.’'

69 2100 150 2179 quod
160 2098 265 2157 ludere
275 2100 314 2157 ad
323 2098 534 2157 recreationem
545 2097 644 2155 animo
655 2096 702 2153 vel
711 2096 828 2173 corpori
837 2100 1015 2157 convenien-

68 2190 126 2239 tem
141 2181 236 2258 possit
244 2192 378 2258 spectare
388 2177 427 2236 ad
436 2179 598 2247 virtutem;
613 2176 693 2234 unde
705 2176 764 2235 ait:
779 2195 840 2233 non
851 2196 938 2236 omne
947 2200 1013 2237 ver-

75 2261 141 2318 bum
157 2260 292 2338 jocosum
307 2271 352 2318 est
365 2259 513 2329 otiosum;
539 2258 609 2334 quia
622 2257 711 2314 etiam
731 2257 761 2313 in
778 2256 855 2335 jocis
869 2259 1014 2338 contingit

73 2360 133 2401 csse
147 2341 287 2399 virtutem
302 2338 481 2416 eutrapelia,
496 2338 644 2415 finemque
658 2337 826 2413 proximum
840 2348 963 2396 rectum.

81 2508 113 2565 N.
127 2508 174 2566 68.
204 2508 263 2566 DE
278 2500 773 2643 BONITAggRipgffigLITIA
788 2505 926 2563 AcTUS
942 2507 1013 2563 EX-

81 2752 100 2811 l.
119 2752 197 2817 Quid
214 2774 268 2831 per
281 2759 373 2811 actum
387 2750 549 2809 exteriorem
560 2750 606 2808 dic
618 2747 800 2826 intelligatur.
842 2748 886 2808 ll.
907 2752 1014 2811 Eadem

106 2841 145 2890 ert
159 2832 306 2890 moralitas
319 2829 399 2888 actrix
412 2829 553 2888 interioria
576 2838 602 2887 et
626 2828 774 2889 exterioris
801 2830 860 2888 ΙΙΙ.
882 2833 1016 2891 Interiori

58 2920 60 2925 '
106 2908 354 2988 correspondentir.
412 2911 466 2969 IV.
488 2909 622 2969 Exterior
644 2928 700 2988 per
722 2931 752 2968 ce
774 2929 828 2967 noa
851 2912 1016 2990 superaddit

105 2993 254 3049 bonitatem
278 2990 322 3047 uel
341 2991 478 3050 malitiam
493 2987 628 3047 interiori.
671 2990 707 3047 V.
730 2989 861 3049 actualis
880 2989 1016 3067 susceptio

105 3071 286 3128 sacramenti
306 3071 438 3147 quomodo
460 3066 556 3127 melior
576 3068 723 3127 uoluntate.
776 3067 830 3126 Vl.
855 3069 916 3127 Cur
937 3077 1014 3125 actm

101 3157 234 3207 tutemus
249 3149 349 3227 erponi
363 3147 463 3207 debeat
478 3150 506 3205 ia
516 3146 700 3224 coaffectione.

103 3314 124 3373 1.
147 3314 506 3383 PRAENOTANDUM,
522 3313 602 3390 quid
612 3315 661 3373 hic
670 3333 726 3393 per
739 3325 838 3372 actum
847 3314 1016 3372 interiorem

63 3392 253 3472 intelligatur
267 3395 346 3453 solus
360 3406 444 3454 actus
459 3396 477 3454 ὲ
492 3394 644 3454 voluntate
654 3395 828 3454 'immediate
849 3395 949 3452 exiens
965 3415 1017 3452 seu

64 3473 226 3544 elicitus,v.
235 3494 264 3552 g.
275 3475 387 3543 volitio‚
396 3476 511 3544 nolitio‚
521 3486 575 3532 etc.
586 3494 641 3553 per
652 3488 750 3535 actum
763 3477 831 3532 verd
842 3475 1017 3533 exteriorem

64 3554 161 3612 omnis
171 3555 247 3613 alius
258 3566 340 3613 actus
350 3557 387 3614 ab
397 3557 454 3614 alia
463 3554 597 3634 potentia
605 3557 720 3616 elicitus
731 3575 766 3613 ex
777 3555 903 3631 imperio
911 3556 1017 3612 volun·

66 3635 143 3705 tatis,
159 3655 213 3694 seu
227 3635 412 3695 voluntarius
424 3661 430 3696 :
447 3635 528 3695 unde
539 3637 617 3693 inter
628 3647 711 3695 aetus
722 3646 858 3694 externos
868 3636 918 3695 hic
929 3636 1015 3693 etiam

65 3724 257 3793 computatur
277 3728 360 3774 actus
381 3716 558 3784 intellectus,
579 3716 770 3793 quantumvis
791 3715 904 3775 homini
926 3717 1017 3774 inter·
1040 3754 1048 3798 l

70 3814 122 3854 nus
135 3818 145 3868 ς
160 3795 232 3874 quia
247 3794 392 3873 equidem
407 3808 452 3858 est
465 3806 608 3858 externus
622 3795 795 3859 voluntatis.

519 3898 538 3936 x
549 3885 574 3938 3
