2160 4072
117 96 160 159 22
484 106 684 159 tracturus

158 261 317 336 Quomodo
332 260 417 320 Deus
431 270 476 320 est
491 261 625 341 ubique?

72 345 75 350 ’
112 374 115 381 ·
159 343 215 401 VI.
231 340 404 420 Tripliciter
414 341 502 419 juxta
516 344 672 420 vulgatum
688 341 987 419 transversarium

158 430 180 458 “
189 424 293 493 Enter,
313 431 475 502 praesenter
489 421 574 482 Deus
587 432 642 494 est,
656 431 694 480 ¹et
705 423 819 501 ubique
831 424 999 502 potenter?

158 505 244 562 Dens
258 513 304 562 est
316 503 431 580 ubique
445 509 466 539 “
474 506 580 563 entar”
595 522 648 562 seu
661 521 716 581 per
729 505 899 575 essentiam,
919 506 952 565 in
966 527 1048 586 quan·
1072 502 1076 527 ²

116 595 179 643 turn
193 593 272 643 creat
285 583 384 642 omnia
397 593 427 641 et
440 593 612 643 conservat:
645 592 691 642 est
703 582 817 662 ubique
837 590 861 619 “
867 590 1048 664 praesanter,'’
1069 590 1076 671 ζ

113 663 151 722 id
172 675 227 734 est,
247 684 303 742 per
316 666 524 742 praesentiam
546 664 617 742 quia
630 664 729 723 omnia
740 667 896 745 cognoscit
909 678 940 728 e't
961 668 1049 728 intus·
1069 674 1076 747 ξ

117 756 185 807 tur:
208 745 321 823 ubique
345 748 541 822 “potentem''
564 764 617 804 seu
637 746 692 823 per
715 746 891 823 potentiam,
912 748 1076 823 qnatenls,⁴

119 826 382 903 omniagubernat
393 835 423 884 et
437 826 540 903 dirigit
553 825 586 883 in
599 825 673 883 fines
687 845 767 884 suos.
1067 840 1076 903 ζ

138 934 142 939 ·
159 909 210 966 An
230 925 291 964 non
313 915 383 964 sunt
404 905 455 963 alii
468 906 559 976 modi,
594 907 704 984 quibus
718 906 803 965 Deus
815 906 858 966 sic
872 906 985 969 dieitur
997 908 1076 982 ests?

118 989 151 1045 in
163 1006 226 1045 uno
239 985 315 1057 loco,
335 996 371 1044 ut
384 985 515 1044 illisnon
530 986 610 1045 sitin
624 986 699 1044 aliis.
1066 1002 1076 1011 ·

160 1067 233 1126 VII.
252 1069 287 1127 R.
299 1065 503 1128 Affirmative:
519 1066 601 1125 etita
611 1067 745 1126 Verbum
756 1066 902 1127 Divinum
911 1078 957 1128 est
964 1088 1048 1149 spen
1066 1080 1068 1087 '

119 1147 205 1207 aliter
214 1147 437 1223 inhumanitate
445 1158 597 1224 assumpta
606 1163 661 1224 per
671 1146 812 1205 unionem
828 1147 1047 1227 hypostaticam:
1065 1162 1073 1223 '.

121 1228 255 1287 similiter
263 1228 567 1306 specialiterpraesens
576 1227 658 1286 estin
663 1226 1050 1291 SacramentoEucharistie·
1064 1232 1076 1305 1

158 1308 199 1368 2⁰.
226 1307 309 1367 Deus
332 1318 377 1366 est
399 1307 565 1386 specialiter
587 1307 730 1386 in'justis
749 1328 805 1386 per
828 1308 1004 1369 charitatem
1024 1318 1076 1371 tt·

119 1389 242 1467 gratiam
253 1388 494 1458 sanctificantem,
503 1407 564 1466 quo
573 1386 664 1447 modo
672 1399 789 1447 nonest
798 1389 830 1447 in
839 1391 1048 1469 peccatoribus
1063 1404 1071 1445 ῑ

159 1469 200 1529 30.
222 1469 395 1547 specialiter
410 1468 521 1527 dicitur
535 1488 598 1528 essa
616 1469 648 1526 in
663 1469 757 1540 Coelo,
777 1470 926 1547 quatends
938 1472 983 1532 sbi
995 1487 1049 1531 sese

121 1550 220 1610 Beatis
231 1547 371 1608 intuitivis
382 1549 547 1607 videndum
559 1548 690 1608 exhibet.

158 1630 199 1689 4⁰.
216 1628 389 1707 Specialiter
397 1647 529 1707 praesens
543 1639 589 1687 est
599 1628 750 1698 Ecclesiae,
762 1630 897 1689 Concilio
907 1630 1049 1703 Generali,

120 1710 242 1771 Summo
259 1707 403 1779 Pontifici,
424 1722 479 1768 etc.
493 1728 548 1786 per
561 1709 757 1769 assistentiam
771 1720 801 1768 et
813 1710 1016 1771 directionem.

159 1790 201 1851 50.
217 1788 403 1849 Generaliter
424 1789 456 1847 in
476 1786 633 1867 Scriptura
651 1789 763 1848 dicitur
786 1790 871 1849 Deus
892 1792 1049 1871 specialiter

118 1890 182 1929 esse
193 1871 225 1927 in
239 1870 339 1948 aliquo
352 1869 419 1928 loco
438 1869 487 1928 vel
501 1869 541 1928 ad
554 1869 683 1947 aliquem
698 1868 798 1928 locum
812 1872 924 1942 venire,
962 1871 1050 1932 uandd

118 1950 260 2030 speciales
283 1949 427 2029 quosdam
447 1947 570 2010 effectus
583 1950 695 2009 ibidum
709 1960 867 2028 operatur:
892 1894 1076 2013 sic‘dicitur‘

118 2031 305 2091 descendisse
318 2030 356 2088 ad
370 2031 521 2090 civitatem
536 2030 694 2110 Sodomssr
715 2043 745 2091 et
764 2031 795 2088 in
808 2032 953 2110 Symbolo
964 2033 1051 2095 Filiut
1068 2046 1076 2053 ‘

118 2112 228 2171 dicitur
241 2110 428 2170 descendisse
442 2111 481 2170 de
495 2110 587 2180 Coelo,
602 2130 662 2169 non
676 2110 842 2170 deserendo
855 2114 984 2187 Coelum,
1004 2110 1051 2175 sed
1071 2124 1076 2129 '

117 2191 307 2272 hypostatice
320 2190 498 2251 assumendo
509 2202 647 2250 naturam
660 2190 823 2273 humanam
836 2192 869 2251 in
882 2195 981 2255 terris.

238 2355 278 2412 N.
294 2352 342 2413 16.
363 2352 422 2410 DE
445 2351 833 2413 IMMUTABILITATE
859 2354 945 2413 DEI.

362 2510 393 2570 S.
412 2512 510 2572 Thoan.
532 2519 559 2570 1.
576 2520 655 2590 part.
670 2526 767 2593 purast.
782 2521 810 2583 9.
845 2550 848 2557 ·

400 2631 425 2690 l.
441 2632 521 2691 Deus
534 2641 575 2693 est
586 2631 775 2691 immutabilis.

160 2749 270 2821 QUID
285 2759 330 2806 est
341 2747 556 2810 immutabilis?

158 2828 194 2887 R.
215 2828 270 2887 Est
296 2828 441 2905 perfectio
466 2832 535 2902 Dei,
556 2835 615 2908 qut
631 2829 746 2889 stabilis
757 2829 790 2887 in
803 2827 977 2888 omnimoda
990 2846 1053 2907 per·

90 2933 96 2946 ·
123 2908 439 2988 fectionepersevsrat.
625 2914 628 2921 '
915 2908 919 2913 ’

161 2988 188 3049 Ι.
210 2988 308 3048 Hanc.
318 2989 587 3051 immutabilitatem
597 2989 664 3049 Deo
675 3001 840 3068 competere
849 2999 935 3068 patet
945 3010 982 3048 ex
994 2988 1055 3047 Ma·

122 3068 228 3129 lachiae
252 3089 315 3147 cap.
332 3077 360 3128 3.
374 3090 404 3129 v.
419 3070 449 3134 6.
476 3071 671 3131 ubidicitur:
701 3073 799 3153 “Ego
815 3071 895 3129 enim
910 3069 1056 3128 Dominus

121 3161 152 3210 et
165 3158 255 3208 “non
275 3159 375 3208 mutor
387 3152 422 3211 r''
445 3152 517 3211 item
538 3172 576 3211 ex
591 3151 686 3230 Epist
710 3151 817 3213 Jacobi
844 3170 909 3229 cap.
927 3159 954 3209 1.
969 3170 998 3209 v.
1010 3156 1054 3215 17·

121 3230 247 3308 “Apud
271 3248 360 3307 quem
383 3250 445 3290 non
469 3244 514 3291 est
532 3234 744 3301 transmutatio,
765 3248 821 3292 nec
845 3226 1057 3291 vicissitudinis

123 3306 368 3369 “obumbratio''

162 3390 308 3449 Probatur
322 3390 411 3449 etiam
425 3391 571 3451 irratione
585 3414 593 3450 r
614 3392 686 3472 qnia
700 3394 786 3452 Deus
799 3403 844 3452 est
857 3401 942 3471 actus
954 3409 1056 3472 purus,

123 3471 288 3549 simplexet
301 3469 444 3531 infinitus.
466 3473 681 3533 confirmatur:
697 3475 720 3532 si
736 3474 821 3533 Deus
830 3470 1061 3552 posset'mutari

120 3559 287 3610 mutaretur
306 3550 356 3609 vel
376 3553 408 3611 in
431 3553 545 3625 melius,
570 3555 619 3614 vel
645 3554 678 3614 in
697 3554 784 3635 pejus
795 3577 805 3627 ;
830 3553 884 3613 sed
897 3564 1067 3631 utrumque

122 3648 244 3693 summat
267 3633 333 3710 ejus
353 3628 530 3711 perfectioni
553 3646 723 3714 repugnat3
737 3635 809 3712 quia
834 3634 860 3693 ai
887 3634 919 3693 in
942 3630 1064 3707 melina,

112 3712 202 3769 anteri
224 3711 329 3791 aliqua
347 3713 495 3795 perfectio
517 3714 639 3788 deerat3
670 3715 748 3775 si'in
769 3714 869 3795 pejus,
899 3714 964 3793 jani
977 3712 1068 3775 illm

98 3789 238 3852 amittit.-
279 3790 331 3853 vel
368 3796 404 3857 in
442 3796 574 3877 sequals-
594 3804 785 3867 mutarem
815 3794 872 3853 sat
899 3804 988 3866 nanc,
1011 3792 1069 3855 rel
