2160 4072
478 127 677 170 TBACTATUS

106 277 144 334 N.
160 273 220 333 111.
262 273 485 346 QUOMODO
506 273 573 331 SlT
590 263 898 333 RESISTENDUM
913 272 1013 333 MOTl·
1036 271 1080 327 ι’-

104 392 109 399 .
127 356 207 445 Βῦξ
220 355 274 412 ET
284 352 640 413 TENTATIONIBUS
650 352 1015 412 CONCUPISCENTIAE
1039 351 1072 427 '¹9

106 514 132 575 1.
150 514 284 604 isolanlor
296 534 350 571 non
364 520 494 587 potestte
507 511 609 611 ludere
625 513 764 603 negotiari·
780 514 823 571 od
841 520 927 571 motus
942 530 1017 602 copas
1036 496 1062 567 i..

142 589 1019 731 lllt’f‘tnlil‘llz'lsstlllrlt‘tt'ttl‘tllt
1048 669 1071 719 ·-.

147 750 196 808 Ilo
234 769 383 886 esemper
409 747 562 839 requiritur
587 745 765 841 displicentia
791 749 955 808 uoluntario.
993 750 1019 807 l.
1056 777 1080 799 ⁸·

146 830 195 889 De
227 838 257 888 nt
265 829 330 907 desp
341 849 425 899 rcere,
434 835 513 886 etam
524 829 682 905 dumyusto
695 835 736 885 est
749 848 846 888 cassu.

150 988 209 1046 AN
220 985 357 1046 voluntas
370 999 469 1064 potest
483 1008 513 1046 se
527 987 636 1045 habere
649 988 787 1063 negativi
802 989 841 1046 ad
854 999 949 1047 motus
960 990 1021 1046 inor·

110 1068 225 1127 dinato‘s
238 1068 454 1125 sensualitatis?
479 1088 508 1127 v.
530 1087 561 1145 g.
582 1067 620 1124 sit
633 1067 791 1144 quispiam,
817 1067 870 1144 qui
891 1069 1024 1128 adverte!

110 1147 184 1208 tales
197 1157 295 1205 motus
307 1147 339 1205 in
353 1168 385 1206 se
398 1159 523 1218 exortos,
537 1166 598 1204 non
612 1147 728 1224 quidem
753 1148 811 1206 sibi
831 1146 1025 1226 complacetis
1045 1180 1080 1491 ξ

111 1227 163 1296 eis,
174 1227 226 1286 sed
239 1238 336 1285 temen
358 1229 446 1286 etiam
460 1248 519 1286 non
542 1226 609 1284 vult
619 1248 668 1286 eos
682 1227 862 1306 reprimere:
886 1248 924 1286 au
935 1228 993 1287 talis
1002 1244 1026 1285 te

111 1306 224 1367 habens
234 1308 370 1384 negative
385 1328 437 1366 seu
449 1307 620 1386 permissive
633 1313 758 1385 peccat?

154 1386 179 1446 1.
195 1387 230 1445 R.
245 1387 327 1445 Talis
340 1399 460 1466 peccat3
485 1407 544 1445 non
568 1387 646 1445 enim
667 1388 805 1446 voluntas
826 1386 878 1447 hic
905 1409 936 1447 se
956 1389 1029 1448 habel

113 1471 191 1527 mere
204 1468 341 1544 negative
354 1488 407 1528 seu
426 1467 608 1545 permissive,
631 1468 683 1526 sed
703 1468 870 1545 privative3
884 1488 952 1527 nam
963 1469 1031 1528 dett
1051 1497 1080 1574 ἦ

114 1566 168 1606 suo
182 1546 285 1617 officio,
297 1550 366 1607 crim
379 1552 473 1627 possit
485 1560 515 1607 et
534 1548 641 1606 debeat
662 1559 761 1608 motus
781 1549 848 1607 illos
868 1550 1029 1627 reprimeret
1054 1579 1080 1600 -ι

116 1633 136 1661 “
147 1636 245 1704 potest
254 1630 282 1698 ;”
297 1628 375 1705 quia,
391 1640 425 1687 ut
434 1628 620 1706 supponitur,
631 1628 718 1704 pleni
728 1628 877 1700 advertit;
894 1637 914 1663 “
924 1630 1004 1688 debet
1011 1630 1030 1685 r”

114 1705 185 1783 quia
196 1707 356 1765 voluntatis
369 1718 414 1767 est
433 1709 597 1787 appetitum
611 1708 779 1767 inferiorem
793 1728 910 1786 regere,
930 1720 960 1768 et
970 1711 1032 1769 intre

115 1796 204 1845 rectae
215 1786 337 1845 rationis
348 1788 456 1847 limites
470 1789 609 1847 cohibere
619 1808 719 1865 ;ergo,
735 1788 787 1846 ubi
802 1789 1033 1857 voluntusmotru

116 1863 194 1937 illos,
208 1866 272 1926 clim
286 1878 393 1944 potest,
407 1887 465 1927 non
480 1869 623 1946 reprimit,
638 1879 774 1927 censetur
793 1868 852 1927 illis
875 1870 1040 1948 interprem.
1060 1847 1080 1922 Ε

114 1945 174 2004 tivi
200 1948 384 2020 consentire3
419 1948 504 2009 sicuti
526 1949 659 2025 superior
679 1960 731 2006 ant
757 1948 890 2008 officialis
917 1960 1035 2009 censetur

115 2025 335 2106 interpretative
360 2031 524 2088 consentire
538 2030 568 2085 in
582 2039 710 2107 peccata,
735 2050 812 2107 quae,
838 2030 892 2087 ubi
911 2038 1036 2107 potestel
1072 2061 1080 2080 ι

112 2105 214 2179 debet,
229 2128 288 2165 non
301 2109 435 2186 impedit.
1062 2129 1066 2136 “

151 2187 235 2246 Idem
249 2188 336 2246 docet
345 2192 375 2248 S.
389 2191 445 2247 Th.
458 2200 559 2266 quaest.
569 2197 616 2254 74.
626 2201 680 2249 art.
692 2188 718 2248 6.
728 2190 758 2247 in
770 2199 788 2225 “
799 2193 890 2268 Corp.
905 2195 922 2216 ”
932 2191 1022 2249 dicens
1028 2209 1036 2259 3

117 2273 139 2298 “
153 2267 370 2347 Deficit(ratio)
377 2270 406 2327 in
416 2270 577 2328 directione
587 2272 754 2347 passionum
767 2271 942 2329 inferiorum
953 2269 1036 2348 dupli·

117 2353 136 2379 ‘⁴
152 2347 233 2418 citer,
249 2368 309 2405 uno
322 2351 419 2415 modo,
441 2351 561 2426 quando
579 2351 704 2427 imperat
723 2351 840 2408 illicitas
861 2352 1036 2428 passiones...

117 2432 138 2459 “
152 2427 209 2487 alio
231 2428 328 2498 modo,
354 2431 473 2506 qnando
500 2450 560 2487 non
584 2431 719 2506 reprimit
742 2430 879 2488 illicitum
910 2429 1037 2509 passionis

117 2512 138 2539 “
151 2510 292 2567 motum.''
333 2511 414 2567 Hinc
428 2511 514 2567 etiam
530 2511 559 2567 S.
575 2513 653 2586 Aug.
668 2510 719 2567 lib.
735 2519 779 2568 la.
796 2517 814 2544 “
830 2511 869 2566 de
881 2510 1036 2568 Trinitate''

115 2605 177 2664 cap·
190 2597 235 2648 12.
245 2588 285 2646 ait
294 2611 304 2660 ς
319 2594 339 2622 “
350 2589 456 2648 Illicita
464 2590 627 2658 delectatio,
639 2591 747 2658 statim,
758 2602 791 2647 ut
802 2591 903 2667 attigit
912 2592 1036 2656 animum,

115 2674 135 2700 ‘⁴
148 2668 249 2747 respui
261 2668 376 2727 debet.''

157 2747 199 2805 ll.
223 2749 328 2825 Itaque
347 2769 406 2808 non
429 2750 534 2808 sufficit
554 2770 585 2807 se
606 2750 715 2808 habere
735 2749 871 2825 negative
898 2751 936 2809 ad
956 2760 1040 2806 motus

117 2826 197 2898 istos,
213 2829 264 2886 sed
278 2831 439 2907 requiritur
453 2832 650 2906 repugnantia
669 2841 699 2888 et
717 2828 909 2906 displicentia
929 2829 1039 2908 positive

116 2905 219 2965 saltem
234 2909 377 2980 virtualis,
402 2910 498 2986 qualis
507 2910 642 2979 habetur,
666 2910 737 2968 dun·
753 2910 893 2969 voluntas
907 2911 972 2968 illos
984 2926 1038 2968 con·

116 2987 231 3058 temnit,
247 2988 295 3045 vel
305 3009 364 3047 non
378 2990 445 3050 vult
458 2989 609 3048 attendere
623 3008 804 3066 prosequens
819 2990 877 3047 alia
886 2990 1008 3068 negotia.

157 3070 207 3126 An
221 3068 338 3146 eqidem
352 3069 466 3129 licitum
480 3090 539 3128 non
554 3081 599 3128 est
610 3081 709 3127 motus
723 3070 792 3126 istos
807 3069 838 3126 in
854 3090 886 3128 se
898 3070 1035 3128 admittere
1056 3111 1057 3120 η

116 3157 146 3205 et
159 3147 286 3209 retinere
295 3150 333 3209 ad
344 3150 464 3216 luctam,
479 3150 652 3208 exercitium
667 3149 785 3207 virtutis
799 3169 835 3207 ac
851 3152 997 3220 meritum,
1012 3154 1035 3206 ul

119 3229 367 3306 nempevoluntas
377 3249 444 3287 curn
455 3231 497 3288 eis
508 3229 747 3307 pugnansvincat
757 3249 817 3286 non
828 3226 1033 3288 consentiendo?

157 3308 220 3370 ΙΙΙ.
235 3308 269 3368 R.
296 3313 372 3387 Neg.
386 3310 461 3368 ratio
472 3322 525 3380 est,
540 3310 619 3387 qudrl
633 3321 731 3368 motus
745 3309 792 3367 isti
804 3309 864 3367 sint
878 3311 917 3368 de
932 3330 962 3368 se
973 3309 1034 3366 inor·
1054 3352 1057 3361 .

116 3388 208 3445 ‹linati
228 3400 258 3448 et
281 3404 384 3450 contra
403 3402 511 3449 rectam
525 3391 678 3459 rationem,
692 3409 727 3447 ac
740 3389 781 3446 ita
792 3390 950 3449 intrinseci
963 3386 1034 3447 dede·
1053 3370 1080 3454 J

117 3479 202 3526 ceant
216 3482 378 3530 creaturam
393 3471 580 3530 rationalem:
602 3490 675 3547 ergo
687 3469 753 3527 illos
767 3469 935 3530 voluntarie
948 3466 1033 3528 admit·
1054 3450 1080 3610 ἓ

116 3557 188 3617 tere,
203 3568 318 3627 semper
328 3561 374 3609 est
385 3562 549 3628 peccatum,
561 3549 675 3608 etiamsi
682 3550 739 3607 hoc
749 3549 834 3607 lieret
844 3569 881 3607 ex
893 3550 1034 3608 finebonu
1057 3590 1070 3612 .

115 3645 185 3684 nam
198 3638 282 3687 actus
294 3630 389 3689 melus
409 3630 520 3693 relatus
539 3630 578 3688 ad
598 3629 688 3688 linem
707 3630 819 3688 bonum
841 3640 940 3691 menet
957 3624 1035 3689 mult!
1055 3606 1080 3692 ,Ι

101 3705 195 3787 juxta
210 3710 242 3770 N
245 3729 303 3771 um.
320 3718 370 3775 81.
1055 3665 1080 3845 Ε
