2160 4072
281 118 520 170 saracems.
805 103 869 173 ³61

65 288 187 331 necesse
206 267 275 341 fuit,
300 279 336 330 nt
355 266 493 329 tentatio
505 264 646 350 probaret
657 272 716 329 te.'⁸
756 270 800 330 8⁰.
820 272 872 332 Ad

50 370 69 407 u
83 350 272 429 injustorum,
284 360 320 409 nt
332 349 378 409 illi
391 350 528 410 videntes
540 349 712 423 afflictiones
720 351 871 430 justornm

50 440 92 500 nt,
107 451 174 508 quae
187 449 283 508 poenu
307 429 387 511 ipsos
400 440 548 501 maneant,
565 429 654 509 juxta
669 430 744 490 illud
758 430 870 492 Christi

50 530 97 588 ap.
109 518 158 571 ⁴28.
171 531 200 568 v.
215 517 262 571 81.
298 511 361 570 “Si
375 511 408 568 in
417 509 507 569 viridi
518 510 602 588 liguo
611 509 676 570 haee
689 510 815 583 faciunt,
838 513 871 571 in

60 589 135 668 quid
146 590 197 650 fiet
205 593 237 651 ?”
251 590 296 650 4⁰·
309 590 345 649 ln
359 591 528 668 exemplum
543 586 664 649 virtutis
676 600 708 650 et
720 590 871 687 patientior

50 670 223 742 szsicfl'ob.
238 690 303 749 cap.
321 679 366 730 12.
388 691 415 728 v.
443 678 489 729 12.
506 671 616 730 dieitur
628 681 753 730 tentatio
767 673 871 732 Tobioe

50 750 192 825 termissa,
207 761 242 809 ut
254 751 380 829 posteris
405 749 526 810 daretur
539 750 706 830 exemplum
719 752 870 830 patientis

50 829 78 891 ·⁰.
94 830 130 888 ln
143 830 287 890 medelam
308 841 496 909 peccatorum
517 831 736 910 praeteritorum
750 842 780 892 et
792 852 870 912 prae·

50 930 123 969 nem
133 911 300 970 futurorum
313 934 323 982 ς
334 931 395 988 quo
408 930 497 969 sensu
507 914 612 989 Apost.
627 921 655 972 2.
666 913 706 972 ad
719 912 787 972 Cor.
801 933 867 992 cap.

49 1033 56 1047 .
71 983 160 1050 dicit:
176 992 253 1049 “Ne
266 990 442 1068 magnitudo
454 990 669 1050 revelationum
680 992 803 1053 extollat
811 1013 868 1063 me,

59 1081 104 1129 est
117 1070 189 1128 mihi
203 1071 342 1130 stimmm
355 1070 451 1130 earnis
466 1070 602 1148 Angelus
613 1083 733 1142 satanae,
747 1074 800 1152 qui
819 1093 868 1132 me

50 1150 153 1211 hizet.”
173 1150 216 1211 6⁰.
241 1149 278 1209 ln
292 1152 475 1229 punitionem
496 1149 618 1210 ulterius
631 1155 800 1229 peccantis:
825 1153 868 1212 sic

50 1251 63 1288 s
77 1231 244 1308 puniuntur
264 1230 296 1288 iu
310 1231 387 1302 filiis,
400 1241 436 1289 nt
449 1230 563 1289 dictum
586 1243 631 1290 est
646 1233 739 1296 Num.
760 1249 870 1312 prece·

50 1310 88 1378 7⁰.
113 1311 163 1369 Ad
176 1309 301 1388 gloriam
326 1311 385 1371 Dei
398 1322 428 1369 et
442 1311 512 1369 fidei
522 1310 790 1373 confirmationemz
809 1333 870 1392 quo

50 1391 159 1449 hristus
172 1392 296 1469 ,loannis
310 1411 374 1470 cap.
399 1401 426 1461 9.
441 1412 470 1450 v.
493 1399 520 1451 3.
536 1389 620 1450 dedit
633 1390 711 1452 hanc
724 1393 869 1452 rationem

52 1492 66 1530 s
80 1471 148 1531 caeci
159 1472 231 1540 nati,
243 1478 263 1505 “
272 1482 306 1530 ut
316 1472 543 1531 manifestentur
558 1470 616 1528 Dei
630 1492 720 1550 opera
732 1473 763 1530 in
777 1472 857 1534 illo.''

74 1562 172 1630 potest
204 1550 244 1612 8⁰.
267 1553 312 1612 Ut
325 1553 368 1610 sic
389 1551 472 1611 Deus
486 1551 631 1623 ostendat,
646 1552 768 1613 alteram
783 1573 870 1633 supe·

51 1642 119 1702 tam,
134 1631 165 1688 in
187 1652 246 1710 que
263 1630 338 1710 justi
362 1641 393 1692 et
415 1630 588 1690 innocentes
610 1633 813 1710 praemientur,
839 1646 869 1694 et

51 1713 210 1771 runiantur.

51 1792 169 1851 itehaec
177 1802 386 1874 proponuntur
396 1793 435 1852 ad
446 1793 674 1855 consolationem
684 1795 865 1867 afflictorum,

51 1872 180 1931 fortandi
195 1882 266 1932 sunt
278 1873 336 1932 hie
350 1873 456 1951 Apost.
471 1875 576 1934 Jacobi
591 1875 735 1933 sententit
759 1894 823 1953 cap.
840 1885 865 1935 l.

51 1976 59 2011 s
75 1973 134 2012 sun
147 1973 175 2013 v.
191 1961 219 2012 2.
262 1960 282 1987 “
297 1954 395 2012 Omne
408 1953 553 2031 gaudium
566 1953 740 2024 existimate,
761 1953 866 2035 fratres

51 2032 113 2092 nim
127 2033 160 2091 in
172 2033 348 2092 tentationes
369 2033 464 2097 varias
477 2032 668 2092 incideritis.''

51 2240 53 2247 ,
101 2192 159 2252 DE
174 2192 506 2334 ΡΕΟΟΑΤῼΑῼΓΙΞΟΙ)
522 2193 600 2254 EST
621 2193 751 2255 POENA
772 2197 867 2260 PEC.

51 2441 121 2492 itum
130 2441 221 2512 potest
230 2453 289 2492 esse
296 2453 380 2512 poeno
390 2434 510 2511 peccati.
553 2434 594 2492 Il.
609 2433 654 2492 Ea
668 2444 753 2514 porte
765 2455 867 2509 causoe,

55 2513 103 2610 lis
127 2522 210 2591 parte
235 2511 397 2572 substantioe
419 2511 509 2585 acilia,
562 2514 616 2572 lv.
651 2513 690 2573 Et
724 2534 758 2572 es
783 2526 868 2594 parte

51 2611 92 2650 ue.

148 2753 179 2814 S.
198 2753 295 2815 Tlom.
311 2762 337 2813 1.
347 2762 375 2815 2.
390 2761 485 2834 quest
500 2759 548 2822 87.
559 2763 615 2814 art.
630 2763 669 2823 2.,

52 2933 136 2973 ιιιιιιιι
150 2924 305 2993 peecatum
318 2923 418 2994 potest
431 2935 495 2975 esse
507 2933 596 2993 poeua
609 2914 752 2976 alterius?
866 2914 869 2918 ’

61 2994 119 3053 Per
134 3015 165 3054 se
178 3016 229 3055 seu
239 2995 353 3055 ratione
367 2995 463 3074 culpae
476 3014 537 3054 non
549 3005 647 3073 potest
656 3015 751 3055 unum
764 3013 869 3074 pecca·

52 3094 72 3132 ie
85 3095 175 3153 poena
188 3076 309 3136 alterius
319 3100 330 3148 ;
343 3075 413 3154 quia
432 3096 522 3155 poena
534 3075 654 3153 proprii
669 3077 749 3136 diota
772 3076 869 3134 inten-

56 3154 168 3232 judice,
193 3157 245 3235 qui
269 3156 350 3214 illam
373 3155 526 3226 decernit3
554 3153 638 3216 Deus
661 3167 760 3216 autem
786 3153 871 3213 nullo

52 3235 152 3313 ulpam
167 3235 320 3295 intendere
333 3234 439 3314 potest.

52 3316 178 3375 recidens
188 3327 288 3376 tamen
301 3327 331 3375 et
344 3315 487 3376 indirecte
501 3335 595 3375 unum
608 3326 764 3396 peceatum
774 3323 872 3392 potest

52 3415 99 3454 ena
108 3396 239 3466 alterius,
252 3396 343 3475 idque
357 3396 454 3455 tribus
467 3396 573 3456 modis.

52 3475 74 3535 ⁰.
90 3478 137 3535 Ex
150 3491 352 3556 portentum,
376 3474 552 3555 inquantdm
567 3478 652 3537 Deus
664 3477 696 3535 in
709 3473 872 3534 vindictam

52 3556 163 3617 entium
177 3566 366 3637 peccatorum
377 3556 525 3617 subtrahit
537 3558 672 3634 gratiam,
687 3575 724 3615 ex
732 3575 793 3634 qua
802 3555 872 3615 sub-

52 3655 77 3694 re
90 3638 134 3713 fit,
146 3648 181 3696 nt
192 3639 283 3697 homo
299 3636 413 3697 incidat
425 3638 457 3696 in
472 3637 530 3696 alia
541 3647 671 3716 peccata.

52 3715 400 3796 etnxpartesuumntiae
412 3719 505 3792 actus,
517 3738 570 3778 seu
578 3716 889 3796 materialtsneeeat'u

53 3815 67 3850 s
78 3798 145 3873 ipse
157 3809 244 3858 actus
252 3799 381 3861 secundi
394 3802 516 3880 peccati
528 3801 634 3865 adfert
645 3798 910 3862 &incolumes

68 3876 104 3932 de
118 3877 262 3940 peccatu.
389 3892 436 3946 21
