<?xml version="1.0" encoding="UTF-8"?>
<!DOCTYPE html PUBLIC "-//W3C//DTD XHTML 1.0 Transitional//EN"
    "http://www.w3.org/TR/xhtml1/DTD/xhtml1-transitional.dtd">
<html xmlns="http://www.w3.org/1999/xhtml" xml:lang="en" lang="en">
 <head>
  <title>
</title>
<meta http-equiv="Content-Type" content="text/html;charset=utf-8" />
  <meta name='ocr-system' content='tesseract 3.04.00' />
  <meta name='ocr-capabilities' content='ocr_page ocr_carea ocr_par ocr_line ocrx_word'/>
</head>
<body>
  <div class='ocr_page' id='page_1' title='image "./theologiamorali00densgoog_0276.png"; bbox 0 0 2152 4066; ppageno 0'>
   <div class='ocr_carea' id='block_1_1' title="bbox 308 99 1010 168">
    <p class='ocr_par' dir='ltr' id='par_1_1' title="bbox 308 99 1010 168">
     <span class='ocr_line' id='line_1_1' title="bbox 308 99 1010 168; baseline 0.006 -4"><span class='ocrx_word' id='word_1_1' title='bbox 308 104 370 166; x_wconf 79' lang='lat' dir='ltr'><strong>&#39;na</strong></span> <span class='ocrx_word' id='word_1_2' title='bbox 404 119 547 164; x_wconf 75' lang='lat' dir='ltr'><strong>acrinus</strong></span> <span class='ocrx_word' id='word_1_3' title='bbox 569 119 738 164; x_wconf 74' lang='lat' dir='ltr'><strong>usmarus.</strong></span> <span class='ocrx_word' id='word_1_4' title='bbox 946 99 1010 168; x_wconf 72' lang='lat'><strong>263</strong></span> 
     </span>
    </p>
   </div>
   <div class='ocr_carea' id='block_1_2' title="bbox 58 263 1010 2029">
    <p class='ocr_par' dir='ltr' id='par_1_2' title="bbox 58 263 1010 653">
     <span class='ocr_line' id='line_1_2' title="bbox 58 263 1007 345; baseline 0.005 -23"><span class='ocrx_word' id='word_1_5' title='bbox 58 264 177 325; x_wconf 88' lang='lat' dir='ltr'><strong>malitia</strong></span> <span class='ocrx_word' id='word_1_6' title='bbox 187 265 254 324; x_wconf 83' lang='lat' dir='ltr'><strong>finis</strong></span> <span class='ocrx_word' id='word_1_7' title='bbox 265 264 393 324; x_wconf 84' lang='lat' dir='ltr'><strong>intenti:</strong></span> <span class='ocrx_word' id='word_1_8' title='bbox 418 265 495 325; x_wconf 89' lang='lat' dir='ltr'><strong>ratio</strong></span> <span class='ocrx_word' id='word_1_9' title='bbox 508 276 562 337; x_wconf 91' lang='lat' dir='ltr'><strong>est,</strong></span> <span class='ocrx_word' id='word_1_10' title='bbox 577 265 656 345; x_wconf 78' lang='lat' dir='ltr'><strong>quid</strong></span> <span class='ocrx_word' id='word_1_11' title='bbox 671 264 734 325; x_wconf 88' lang='lat' dir='ltr'><strong>sola</strong></span> <span class='ocrx_word' id='word_1_12' title='bbox 746 263 859 324; x_wconf 88' lang='lat' dir='ltr'><strong>malitia</strong></span> <span class='ocrx_word' id='word_1_13' title='bbox 869 265 1007 327; x_wconf 89' lang='lat' dir='ltr'><strong>intentio-</strong></span> 
     </span>
     <span class='ocr_line' id='line_1_3' title="bbox 58 344 1007 417; baseline 0.004 -15"><span class='ocrx_word' id='word_1_14' title='bbox 58 344 107 404; x_wconf 87' lang='lat' dir='ltr'><strong>nis</strong></span> <span class='ocrx_word' id='word_1_15' title='bbox 123 346 252 406; x_wconf 87' lang='lat' dir='ltr'><strong>sufficiat</strong></span> <span class='ocrx_word' id='word_1_16' title='bbox 264 344 303 404; x_wconf 89' lang='lat' dir='ltr'><strong>ad</strong></span> <span class='ocrx_word' id='word_1_17' title='bbox 317 344 458 405; x_wconf 87' lang='lat' dir='ltr'><strong>malitiam</strong></span> <span class='ocrx_word' id='word_1_18' title='bbox 473 346 643 417; x_wconf 88' lang='lat' dir='ltr'><strong>voluntatis,</strong></span> <span class='ocrx_word' id='word_1_19' title='bbox 671 344 789 405; x_wconf 83' lang='lat' dir='ltr'><strong>crimad</strong></span> <span class='ocrx_word' id='word_1_20' title='bbox 803 345 912 404; x_wconf 86' lang='lat' dir='ltr'><strong>malum</strong></span> <span class='ocrx_word' id='word_1_21' title='bbox 928 350 1007 406; x_wconf 88' lang='lat' dir='ltr'><strong>suffi-</strong></span> 
     </span>
     <span class='ocr_line' id='line_1_4' title="bbox 58 423 1010 505; baseline 0.002 -21"><span class='ocrx_word' id='word_1_22' title='bbox 58 423 121 484; x_wconf 86' lang='lat' dir='ltr'><strong>ciat</strong></span> <span class='ocrx_word' id='word_1_23' title='bbox 135 445 218 485; x_wconf 88' lang='lat' dir='ltr'><strong>unus</strong></span> <span class='ocrx_word' id='word_1_24' title='bbox 229 425 364 486; x_wconf 81' lang='lat' dir='ltr'><strong>defectus</strong></span> <span class='ocrx_word' id='word_1_25' title='bbox 377 449 388 497; x_wconf 83' lang='lat'><em>3</em></span> <span class='ocrx_word' id='word_1_26' title='bbox 408 436 439 485; x_wconf 91' lang='lat' dir='ltr'><strong>et</strong></span> <span class='ocrx_word' id='word_1_27' title='bbox 451 426 522 485; x_wconf 90' lang='lat' dir='ltr'><strong>hinc</strong></span> <span class='ocrx_word' id='word_1_28' title='bbox 535 436 617 505; x_wconf 86' lang='lat' dir='ltr'><strong>patet</strong></span> <span class='ocrx_word' id='word_1_29' title='bbox 631 424 787 505; x_wconf 80' lang='lat' dir='ltr'><strong>disparitas</strong></span> <span class='ocrx_word' id='word_1_30' title='bbox 800 424 819 484; x_wconf 75' lang='lat' dir='ltr'><strong>i</strong></span> <span class='ocrx_word' id='word_1_31' title='bbox 830 426 1010 504; x_wconf 71' lang='lat' dir='ltr'><strong>praecedenti</strong></span> 
     </span>
     <span class='ocr_line' id='line_1_5' title="bbox 58 505 1009 584; baseline 0.005 -21"><span class='ocrx_word' id='word_1_32' title='bbox 58 505 264 575; x_wconf 82' lang='lat' dir='ltr'><strong>conclusione,</strong></span> <span class='ocrx_word' id='word_1_33' title='bbox 289 507 360 584; x_wconf 88' lang='lat' dir='ltr'><strong>quia</strong></span> <span class='ocrx_word' id='word_1_34' title='bbox 367 525 475 584; x_wconf 87' lang='lat' dir='ltr'><strong>nempe</strong></span> <span class='ocrx_word' id='word_1_35' title='bbox 489 507 551 566; x_wconf 86' lang='lat' dir='ltr'><strong>sola</strong></span> <span class='ocrx_word' id='word_1_36' title='bbox 563 506 683 566; x_wconf 86' lang='lat' dir='ltr'><strong>bonitas</strong></span> <span class='ocrx_word' id='word_1_37' title='bbox 705 505 877 565; x_wconf 88' lang='lat' dir='ltr'><strong>intentionis</strong></span> <span class='ocrx_word' id='word_1_38' title='bbox 890 527 951 566; x_wconf 91' lang='lat' dir='ltr'><strong>non</strong></span> <span class='ocrx_word' id='word_1_39' title='bbox 965 520 1009 568; x_wconf 89' lang='lat' dir='ltr'><strong>est</strong></span> 
     </span>
     <span class='ocr_line' id='line_1_6' title="bbox 58 585 509 653; baseline 0.002 -8"><span class='ocrx_word' id='word_1_40' title='bbox 58 594 126 645; x_wconf 83' lang='lat' dir='ltr'><strong>tota</strong></span> <span class='ocrx_word' id='word_1_41' title='bbox 139 606 228 646; x_wconf 88' lang='lat' dir='ltr'><strong>causa</strong></span> <span class='ocrx_word' id='word_1_42' title='bbox 241 588 328 645; x_wconf 78' lang='lat' dir='ltr'><strong>boum</strong></span> <span class='ocrx_word' id='word_1_43' title='bbox 338 585 509 653; x_wconf 86' lang='lat' dir='ltr'><strong>voluntatis.</strong></span> 
     </span>
    </p>

    <p class='ocr_par' dir='ltr' id='par_1_3' title="bbox 58 665 1009 898">
     <span class='ocr_line' id='line_1_7' title="bbox 102 665 1009 745; baseline 0.001 -19"><span class='ocrx_word' id='word_1_44' title='bbox 102 667 200 738; x_wconf 89' lang='lat' dir='ltr'><strong>Hinc,</strong></span> <span class='ocrx_word' id='word_1_45' title='bbox 213 666 265 745; x_wconf 91' lang='lat' dir='ltr'><strong>qui</strong></span> <span class='ocrx_word' id='word_1_46' title='bbox 279 687 333 744; x_wconf 88' lang='lat' dir='ltr'><strong>per</strong></span> <span class='ocrx_word' id='word_1_47' title='bbox 347 667 534 726; x_wconf 86' lang='lat' dir='ltr'><strong>mendacium</strong></span> <span class='ocrx_word' id='word_1_48' title='bbox 548 665 676 727; x_wconf 77' lang='lat' dir='ltr'><strong>intendit</strong></span> <span class='ocrx_word' id='word_1_49' title='bbox 690 685 812 745; x_wconf 87' lang='lat' dir='ltr'><strong>peccare</strong></span> <span class='ocrx_word' id='word_1_50' title='bbox 836 668 1009 740; x_wconf 82' lang='lat' dir='ltr'><strong>mortaliter,</strong></span> 
     </span>
     <span class='ocr_line' id='line_1_8' title="bbox 58 746 1009 827; baseline 0.001 -21"><span class='ocrx_word' id='word_1_51' title='bbox 58 757 170 824; x_wconf 78' lang='lat' dir='ltr'><strong>peccat</strong></span> <span class='ocrx_word' id='word_1_52' title='bbox 182 747 363 807; x_wconf 80' lang='lat' dir='ltr'><strong>mortaliter:</strong></span> <span class='ocrx_word' id='word_1_53' title='bbox 391 747 444 824; x_wconf 92' lang='lat' dir='ltr'><strong>qui</strong></span> <span class='ocrx_word' id='word_1_54' title='bbox 467 767 522 825; x_wconf 89' lang='lat' dir='ltr'><strong>per</strong></span> <span class='ocrx_word' id='word_1_55' title='bbox 534 746 631 806; x_wconf 91' lang='lat' dir='ltr'><strong>levem</strong></span> <span class='ocrx_word' id='word_1_56' title='bbox 651 748 767 827; x_wconf 87' lang='lat' dir='ltr'><strong>alapam</strong></span> <span class='ocrx_word' id='word_1_57' title='bbox 790 746 918 809; x_wconf 89' lang='lat' dir='ltr'><strong>intendit</strong></span> <span class='ocrx_word' id='word_1_58' title='bbox 931 749 1009 808; x_wconf 88' lang='lat' dir='ltr'><strong>occi-</strong></span> 
     </span>
     <span class='ocr_line' id='line_1_9' title="bbox 60 824 690 898; baseline 0.002 -14"><span class='ocrx_word' id='word_1_59' title='bbox 60 824 135 886; x_wconf 86' lang='lat' dir='ltr'><strong>dere</strong></span> <span class='ocrx_word' id='word_1_60' title='bbox 148 826 310 896; x_wconf 89' lang='lat' dir='ltr'><strong>hominem,</strong></span> <span class='ocrx_word' id='word_1_61' title='bbox 324 827 357 886; x_wconf 89' lang='lat' dir='ltr'><strong>fit</strong></span> <span class='ocrx_word' id='word_1_62' title='bbox 367 847 435 886; x_wconf 89' lang='lat' dir='ltr'><strong>reus</strong></span> <span class='ocrx_word' id='word_1_63' title='bbox 448 826 611 898; x_wconf 90' lang='lat' dir='ltr'><strong>homicidii,</strong></span> <span class='ocrx_word' id='word_1_64' title='bbox 634 838 690 887; x_wconf 88' lang='lat' dir='ltr'><strong>etc.</strong></span> 
     </span>
    </p>

    <p class='ocr_par' dir='ltr' id='par_1_4' title="bbox 63 907 1008 1067">
     <span class='ocr_line' id='line_1_10' title="bbox 103 907 1007 986; baseline -0.001 -19"><span class='ocrx_word' id='word_1_65' title='bbox 103 909 157 967; x_wconf 91' lang='lat' dir='ltr'><strong>An</strong></span> <span class='ocrx_word' id='word_1_66' title='bbox 171 928 253 986; x_wconf 83' lang='lat' dir='ltr'><strong>ergo,</strong></span> <span class='ocrx_word' id='word_1_67' title='bbox 275 908 327 985; x_wconf 91' lang='lat' dir='ltr'><strong>qui</strong></span> <span class='ocrx_word' id='word_1_68' title='bbox 350 907 522 965; x_wconf 90' lang='lat' dir='ltr'><strong>mentiendo</strong></span> <span class='ocrx_word' id='word_1_69' title='bbox 548 907 716 967; x_wconf 87' lang='lat' dir='ltr'><strong>intenderet</strong></span> <span class='ocrx_word' id='word_1_70' title='bbox 735 925 859 985; x_wconf 89' lang='lat' dir='ltr'><strong>peccare</strong></span> <span class='ocrx_word' id='word_1_71' title='bbox 882 908 1007 981; x_wconf 83' lang='lat' dir='ltr'><strong>tantdm,</strong></span> 
     </span>
     <span class='ocr_line' id='line_1_11' title="bbox 63 987 1008 1067; baseline 0.004 -21"><span class='ocrx_word' id='word_1_72' title='bbox 63 989 209 1065; x_wconf 73' lang='lat' dir='ltr'><strong>quantiam</strong></span> <span class='ocrx_word' id='word_1_73' title='bbox 217 987 354 1067; x_wconf 88' lang='lat' dir='ltr'><strong>peccavit</strong></span> <span class='ocrx_word' id='word_1_74' title='bbox 365 987 496 1058; x_wconf 87' lang='lat' dir='ltr'><strong>Lucifer,</strong></span> <span class='ocrx_word' id='word_1_75' title='bbox 507 998 624 1046; x_wconf 91' lang='lat' dir='ltr'><strong>tantum</strong></span> <span class='ocrx_word' id='word_1_76' title='bbox 634 998 788 1067; x_wconf 89' lang='lat' dir='ltr'><strong>peecatum</strong></span> <span class='ocrx_word' id='word_1_77' title='bbox 796 989 1008 1050; x_wconf 88' lang='lat' dir='ltr'><strong>committeret?</strong></span> 
     </span>
    </p>

    <p class='ocr_par' dir='ltr' id='par_1_5' title="bbox 67 1066 1008 1226">
     <span class='ocr_line' id='line_1_12' title="bbox 107 1066 1008 1147; baseline 0.002 -20"><span class='ocrx_word' id='word_1_78' title='bbox 107 1069 141 1127; x_wconf 74' lang='lat' dir='ltr'><strong>lt</strong></span> <span class='ocrx_word' id='word_1_79' title='bbox 156 1069 316 1129; x_wconf 84' lang='lat' dir='ltr'><strong>Affirmant</strong></span> <span class='ocrx_word' id='word_1_80' title='bbox 330 1068 450 1147; x_wconf 85' lang='lat' dir='ltr'><strong>Sylvius</strong></span> <span class='ocrx_word' id='word_1_81' title='bbox 462 1075 494 1126; x_wconf 91' lang='lat' dir='ltr'><strong>et</strong></span> <span class='ocrx_word' id='word_1_82' title='bbox 508 1068 653 1127; x_wconf 87' lang='lat' dir='ltr'><strong>Daelman</strong></span> <span class='ocrx_word' id='word_1_83' title='bbox 668 1093 678 1142; x_wconf 82' lang='lat'>3</span> <span class='ocrx_word' id='word_1_84' title='bbox 690 1068 759 1146; x_wconf 86' lang='lat' dir='ltr'><strong>quia</strong></span> <span class='ocrx_word' id='word_1_85' title='bbox 773 1066 811 1125; x_wconf 90' lang='lat' dir='ltr'><strong>ad</strong></span> <span class='ocrx_word' id='word_1_86' title='bbox 825 1067 936 1127; x_wconf 86' lang='lat' dir='ltr'><strong>malum</strong></span> <span class='ocrx_word' id='word_1_87' title='bbox 947 1070 1008 1129; x_wconf 81' lang='lat' dir='ltr'><strong>sui·</strong></span> 
     </span>
     <span class='ocr_line' id='line_1_13' title="bbox 67 1147 610 1226; baseline -0.007 -18"><span class='ocrx_word' id='word_1_88' title='bbox 67 1147 136 1219; x_wconf 78' lang='lat' dir='ltr'><strong>leit,</strong></span> <span class='ocrx_word' id='word_1_89' title='bbox 151 1147 233 1226; x_wconf 83' lang='lat' dir='ltr'><strong>qudd</strong></span> <span class='ocrx_word' id='word_1_90' title='bbox 247 1147 323 1206; x_wconf 91' lang='lat' dir='ltr'><strong>illud</strong></span> <span class='ocrx_word' id='word_1_91' title='bbox 335 1147 431 1207; x_wconf 80' lang='lat' dir='ltr'><strong>liberie</strong></span> <span class='ocrx_word' id='word_1_92' title='bbox 443 1158 610 1226; x_wconf 87' lang='lat' dir='ltr'><strong>appetatur.</strong></span> 
     </span>
    </p>

    <p class='ocr_par' dir='ltr' id='par_1_6' title="bbox 58 1227 1010 2029">
     <span class='ocr_line' id='line_1_14' title="bbox 108 1227 1006 1308; baseline 0.002 -22"><span class='ocrx_word' id='word_1_93' title='bbox 108 1229 142 1286; x_wconf 91' lang='lat' dir='ltr'><strong>V.</strong></span> <span class='ocrx_word' id='word_1_94' title='bbox 158 1231 188 1288; x_wconf 95' lang='lat' dir='ltr'>N</span> <span class='ocrx_word' id='word_1_95' title='bbox 190 1237 281 1308; x_wconf 85' lang='lat' dir='ltr'><strong>egent</strong></span> <span class='ocrx_word' id='word_1_96' title='bbox 294 1230 421 1301; x_wconf 88' lang='lat' dir='ltr'><strong>Neesen,</strong></span> <span class='ocrx_word' id='word_1_97' title='bbox 436 1227 531 1298; x_wconf 90' lang='lat' dir='ltr'><strong>Gotti,</strong></span> <span class='ocrx_word' id='word_1_98' title='bbox 555 1227 688 1300; x_wconf 82' lang='lat' dir='ltr'><strong>Billuart,</strong></span> <span class='ocrx_word' id='word_1_99' title='bbox 709 1238 765 1287; x_wconf 89' lang='lat' dir='ltr'><strong>etc.</strong></span> <span class='ocrx_word' id='word_1_100' title='bbox 780 1228 915 1306; x_wconf 88' lang='lat' dir='ltr'><strong>quamvis</strong></span> <span class='ocrx_word' id='word_1_101' title='bbox 929 1229 1006 1289; x_wconf 91' lang='lat' dir='ltr'><strong>enim</strong></span> 
     </span>
     <span class='ocr_line' id='line_1_15' title="bbox 58 1307 1007 1389; baseline 0.004 -23"><span class='ocrx_word' id='word_1_102' title='bbox 58 1308 227 1379; x_wconf 84' lang='lat' dir='ltr'><strong>¹admalum</strong></span> <span class='ocrx_word' id='word_1_103' title='bbox 240 1307 372 1379; x_wconf 84' lang='lat' dir='ltr'><strong>sufficiat,</strong></span> <span class='ocrx_word' id='word_1_104' title='bbox 388 1309 467 1384; x_wconf 73' lang='lat' dir='ltr'><strong>quid</strong></span> <span class='ocrx_word' id='word_1_105' title='bbox 479 1308 571 1367; x_wconf 71' lang='lat' dir='ltr'><strong>liberi</strong></span> <span class='ocrx_word' id='word_1_106' title='bbox 585 1319 751 1389; x_wconf 85' lang='lat' dir='ltr'><strong>appetatur,</strong></span> <span class='ocrx_word' id='word_1_107' title='bbox 766 1309 824 1385; x_wconf 78' lang='lat' dir='ltr'><strong>qud</strong></span> <span class='ocrx_word' id='word_1_108' title='bbox 838 1318 937 1368; x_wconf 84' lang='lat' dir='ltr'><strong>tamen</strong></span> <span class='ocrx_word' id='word_1_109' title='bbox 947 1330 1007 1370; x_wconf 86' lang='lat' dir='ltr'><strong>ma·</strong></span> 
     </span>
     <span class='ocr_line' id='line_1_16' title="bbox 58 1388 1009 1493; baseline 0.001 -47"><span class='ocrx_word' id='word_1_110' title='bbox 58 1388 63 1493; x_wconf 64' lang='grc' dir='ltr'>Ἰ</span> <span class='ocrx_word' id='word_1_111' title='bbox 91 1389 97 1403; x_wconf 84' lang='grc'><em>’</em></span> <span class='ocrx_word' id='word_1_112' title='bbox 123 1388 218 1449; x_wconf 75' lang='lat' dir='ltr'><strong>libere</strong></span> <span class='ocrx_word' id='word_1_113' title='bbox 233 1399 263 1449; x_wconf 95' lang='lat' dir='ltr'><strong>et</strong></span> <span class='ocrx_word' id='word_1_114' title='bbox 271 1388 435 1448; x_wconf 72' lang='lat' dir='ltr'><strong>voluntarii</strong></span> <span class='ocrx_word' id='word_1_115' title='bbox 450 1389 611 1466; x_wconf 86' lang='lat' dir='ltr'><strong>appetitur,</strong></span> <span class='ocrx_word' id='word_1_116' title='bbox 620 1393 653 1449; x_wconf 75' lang='lat' dir='ltr'><strong>ed</strong></span> <span class='ocrx_word' id='word_1_117' title='bbox 666 1389 762 1466; x_wconf 86' lang='lat' dir='ltr'><strong>magis</strong></span> <span class='ocrx_word' id='word_1_118' title='bbox 775 1397 820 1447; x_wconf 88' lang='lat' dir='ltr'><strong>est</strong></span> <span class='ocrx_word' id='word_1_119' title='bbox 831 1401 1009 1467; x_wconf 88' lang='lat' dir='ltr'><strong>peccatum;</strong></span> 
     </span>
     <span class='ocr_line' id='line_1_17' title="bbox 60 1408 1008 1560; baseline 0.001 -32"><span class='ocrx_word' id='word_1_120' title='bbox 60 1408 123 1560; x_wconf 57' lang='lat' dir='ltr'><strong>lidi</strong></span> <span class='ocrx_word' id='word_1_121' title='bbox 136 1464 239 1528; x_wconf 83' lang='lat' dir='ltr'><strong>autern</strong></span> <span class='ocrx_word' id='word_1_122' title='bbox 255 1469 452 1527; x_wconf 86' lang='lat' dir='ltr'><strong>voluntarium</strong></span> <span class='ocrx_word' id='word_1_123' title='bbox 467 1468 577 1546; x_wconf 87' lang='lat' dir='ltr'><strong>aliique</strong></span> <span class='ocrx_word' id='word_1_124' title='bbox 591 1469 673 1529; x_wconf 93' lang='lat' dir='ltr'><strong>modi</strong></span> <span class='ocrx_word' id='word_1_125' title='bbox 686 1468 799 1547; x_wconf 88' lang='lat' dir='ltr'><strong>peccati</strong></span> <span class='ocrx_word' id='word_1_126' title='bbox 813 1488 873 1528; x_wconf 89' lang='lat' dir='ltr'><strong>non</strong></span> <span class='ocrx_word' id='word_1_127' title='bbox 883 1481 1008 1547; x_wconf 86' lang='lat' dir='ltr'><strong>possunt</strong></span> 
     </span>
     <span class='ocr_line' id='line_1_18' title="bbox 73 1548 1006 1628; baseline 0.002 -20"><span class='ocrx_word' id='word_1_128' title='bbox 73 1567 98 1608; x_wconf 80' lang='lat' dir='ltr'><strong>tn</strong></span> <span class='ocrx_word' id='word_1_129' title='bbox 108 1549 232 1609; x_wconf 89' lang='lat' dir='ltr'><strong>homine</strong></span> <span class='ocrx_word' id='word_1_130' title='bbox 245 1569 308 1608; x_wconf 86' lang='lat' dir='ltr'><strong>esse</strong></span> <span class='ocrx_word' id='word_1_131' title='bbox 322 1559 383 1606; x_wconf 86' lang='lat' dir='ltr'><strong>tam</strong></span> <span class='ocrx_word' id='word_1_132' title='bbox 404 1548 540 1626; x_wconf 85' lang='lat' dir='ltr'><strong>perfecti,</strong></span> <span class='ocrx_word' id='word_1_133' title='bbox 563 1554 653 1628; x_wconf 69' lang='lat' dir='ltr'><strong>quim</strong></span> <span class='ocrx_word' id='word_1_134' title='bbox 666 1549 789 1608; x_wconf 87' lang='lat' dir='ltr'><strong>fuerunt</strong></span> <span class='ocrx_word' id='word_1_135' title='bbox 802 1549 834 1606; x_wconf 89' lang='lat' dir='ltr'><strong>in</strong></span> <span class='ocrx_word' id='word_1_136' title='bbox 849 1550 1006 1610; x_wconf 87' lang='lat' dir='ltr'><strong>Lucifero:</strong></span> 
     </span>
     <span class='ocr_line' id='line_1_19' title="bbox 73 1638 883 1698; baseline 0.005 -12"><span class='ocrx_word' id='word_1_137' title='bbox 73 1646 97 1686; x_wconf 81' lang='lat' dir='ltr'><strong>er</strong></span> <span class='ocrx_word' id='word_1_138' title='bbox 117 1650 145 1698; x_wconf 94' lang='lat' dir='ltr'><strong>o,</strong></span> <span class='ocrx_word' id='word_1_139' title='bbox 162 1640 219 1689; x_wconf 90' lang='lat' dir='ltr'><strong>etc.</strong></span> <span class='ocrx_word' id='word_1_140' title='bbox 881 1638 883 1643; x_wconf 57' lang='lat'><strong><em>⁴</em></strong></span> 
     </span>
     <span class='ocr_line' id='line_1_20' title="bbox 96 1650 1008 1788; baseline -0.001 -19.04"><span class='ocrx_word' id='word_1_141' title='bbox 96 1650 176 1769; x_wconf 82' lang='lat' dir='ltr'><strong>gHoc</strong></span> <span class='ocrx_word' id='word_1_142' title='bbox 183 1720 284 1769; x_wconf 81' lang='lat' dir='ltr'><strong>tamen</strong></span> <span class='ocrx_word' id='word_1_143' title='bbox 293 1709 408 1769; x_wconf 87' lang='lat' dir='ltr'><strong>admitti</strong></span> <span class='ocrx_word' id='word_1_144' title='bbox 417 1709 516 1781; x_wconf 91' lang='lat' dir='ltr'><strong>debet,</strong></span> <span class='ocrx_word' id='word_1_145' title='bbox 526 1710 606 1787; x_wconf 76' lang='lat' dir='ltr'><strong>quid</strong></span> <span class='ocrx_word' id='word_1_146' title='bbox 617 1709 778 1773; x_wconf 85' lang='lat' dir='ltr'><strong>secunddm</strong></span> <span class='ocrx_word' id='word_1_147' title='bbox 788 1709 1008 1788; x_wconf 85' lang='lat' dir='ltr'><strong>proportionem</strong></span> 
     </span>
     <span class='ocr_line' id='line_1_21' title="bbox 58 1788 1010 1868; baseline 0 -20"><span class='ocrx_word' id='word_1_148' title='bbox 58 1788 133 1855; x_wconf 67' lang='lat' dir='ltr'><strong>varali</strong></span> <span class='ocrx_word' id='word_1_149' title='bbox 149 1789 220 1848; x_wconf 87' lang='lat' dir='ltr'><strong>finis</strong></span> <span class='ocrx_word' id='word_1_150' title='bbox 233 1790 349 1860; x_wconf 89' lang='lat' dir='ltr'><strong>intenti,</strong></span> <span class='ocrx_word' id='word_1_151' title='bbox 375 1791 582 1848; x_wconf 88' lang='lat' dir='ltr'><strong>crescatetiam</strong></span> <span class='ocrx_word' id='word_1_152' title='bbox 593 1790 714 1861; x_wconf 85' lang='lat' dir='ltr'><strong>malitia,</strong></span> <span class='ocrx_word' id='word_1_153' title='bbox 738 1789 810 1850; x_wconf 74' lang='lat' dir='ltr'><strong>licit</strong></span> <span class='ocrx_word' id='word_1_154' title='bbox 820 1810 880 1848; x_wconf 89' lang='lat' dir='ltr'><strong>non</strong></span> <span class='ocrx_word' id='word_1_155' title='bbox 895 1810 1010 1868; x_wconf 81' lang='lat' dir='ltr'><strong>semper·</strong></span> 
     </span>
     <span class='ocr_line' id='line_1_22' title="bbox 66 1868 1007 1949; baseline 0.002 -24"><span class='ocrx_word' id='word_1_156' title='bbox 66 1868 99 1927; x_wconf 85' lang='lat' dir='ltr'><strong>ad</strong></span> <span class='ocrx_word' id='word_1_157' title='bbox 108 1870 315 1949; x_wconf 75' lang='lat' dir='ltr'><strong>aequalitatem</strong></span> <span class='ocrx_word' id='word_1_158' title='bbox 330 1868 449 1928; x_wconf 85' lang='lat' dir='ltr'><strong>malitiae</strong></span> <span class='ocrx_word' id='word_1_159' title='bbox 462 1869 529 1928; x_wconf 89' lang='lat' dir='ltr'><strong>finis</strong></span> <span class='ocrx_word' id='word_1_160' title='bbox 542 1869 658 1941; x_wconf 88' lang='lat' dir='ltr'><strong>intenti,</strong></span> <span class='ocrx_word' id='word_1_161' title='bbox 674 1871 725 1929; x_wconf 91' lang='lat' dir='ltr'><strong>sed</strong></span> <span class='ocrx_word' id='word_1_162' title='bbox 735 1870 955 1949; x_wconf 72' lang='lat' dir='ltr'><strong>proportionati</strong></span> <span class='ocrx_word' id='word_1_163' title='bbox 971 1871 1007 1929; x_wconf 89' lang='lat' dir='ltr'><strong>ad</strong></span> 
     </span>
     <span class='ocr_line' id='line_1_23' title="bbox 62 1949 1008 2029; baseline 0.001 -22"><span class='ocrx_word' id='word_1_164' title='bbox 62 1961 243 2025; x_wconf 77' lang='lat' dir='ltr'><strong>praesentem</strong></span> <span class='ocrx_word' id='word_1_165' title='bbox 255 1959 393 2008; x_wconf 87' lang='lat' dir='ltr'><strong>conatum</strong></span> <span class='ocrx_word' id='word_1_166' title='bbox 407 1959 433 2007; x_wconf 90' lang='lat' dir='ltr'><strong>et</strong></span> <span class='ocrx_word' id='word_1_167' title='bbox 445 1949 581 2009; x_wconf 85' lang='lat' dir='ltr'><strong>affectum</strong></span> <span class='ocrx_word' id='word_1_168' title='bbox 593 1973 599 2009; x_wconf 94' lang='lat'><strong>:</strong></span> <span class='ocrx_word' id='word_1_169' title='bbox 612 1961 701 2029; x_wconf 88' lang='lat' dir='ltr'><strong>atque</strong></span> <span class='ocrx_word' id='word_1_170' title='bbox 714 1950 772 2009; x_wconf 92' lang='lat' dir='ltr'><strong>hoc</strong></span> <span class='ocrx_word' id='word_1_171' title='bbox 786 1950 874 2008; x_wconf 91' lang='lat' dir='ltr'><strong>modo</strong></span> <span class='ocrx_word' id='word_1_172' title='bbox 887 1970 1008 2028; x_wconf 89' lang='lat' dir='ltr'><strong>respon·</strong></span> 
     </span>
    </p>
   </div>
   <div class='ocr_carea' id='block_1_3' title="bbox 58 2028 1010 2422">
    <p class='ocr_par' dir='ltr' id='par_1_7' title="bbox 58 2028 724 2108">
     <span class='ocr_line' id='line_1_24' title="bbox 58 2028 724 2108; baseline 0 -21"><span class='ocrx_word' id='word_1_173' title='bbox 58 2028 149 2090; x_wconf 85' lang='lat' dir='ltr'><strong>sios.</strong></span> <span class='ocrx_word' id='word_1_174' title='bbox 167 2029 278 2090; x_wconf 83' lang='lat' dir='ltr'><strong>Thom.</strong></span> <span class='ocrx_word' id='word_1_175' title='bbox 293 2049 383 2106; x_wconf 88' lang='lat' dir='ltr'><strong>supra</strong></span> <span class='ocrx_word' id='word_1_176' title='bbox 396 2028 465 2087; x_wconf 90' lang='lat' dir='ltr'><strong>data</strong></span> <span class='ocrx_word' id='word_1_177' title='bbox 477 2030 604 2108; x_wconf 84' lang='lat' dir='ltr'><strong>intelligi</strong></span> <span class='ocrx_word' id='word_1_178' title='bbox 618 2041 724 2107; x_wconf 83' lang='lat' dir='ltr'><strong>potest.</strong></span> 
     </span>
    </p>

    <p class='ocr_par' dir='ltr' id='par_1_8' title="bbox 58 2109 1010 2422">
     <span class='ocr_line' id='line_1_25' title="bbox 100 2109 1007 2188; baseline -0.002 -19"><span class='ocrx_word' id='word_1_179' title='bbox 100 2112 166 2169; x_wconf 86' lang='lat' dir='ltr'><strong>Pro</strong></span> <span class='ocrx_word' id='word_1_180' title='bbox 178 2111 265 2188; x_wconf 82' lang='lat' dir='ltr'><strong>praxi</strong></span> <span class='ocrx_word' id='word_1_181' title='bbox 289 2109 408 2168; x_wconf 90' lang='lat' dir='ltr'><strong>interim</strong></span> <span class='ocrx_word' id='word_1_182' title='bbox 421 2122 501 2180; x_wconf 88' lang='lat' dir='ltr'><strong>nota,</strong></span> <span class='ocrx_word' id='word_1_183' title='bbox 527 2111 608 2187; x_wconf 73' lang='lat' dir='ltr'><strong>quid</strong></span> <span class='ocrx_word' id='word_1_184' title='bbox 620 2111 652 2167; x_wconf 91' lang='lat' dir='ltr'><strong>in</strong></span> <span class='ocrx_word' id='word_1_185' title='bbox 669 2109 856 2175; x_wconf 66' lang='lat' dir='ltr'><strong>,confessione</strong></span> <span class='ocrx_word' id='word_1_186' title='bbox 882 2110 1007 2188; x_wconf 85' lang='lat' dir='ltr'><strong>exprimi</strong></span> 
     </span>
     <span class='ocr_line' id='line_1_26' title="bbox 58 2189 1010 2269; baseline 0 -20"><span class='ocrx_word' id='word_1_187' title='bbox 58 2190 173 2250; x_wconf 87' lang='lat' dir='ltr'><strong>debeat</strong></span> <span class='ocrx_word' id='word_1_188' title='bbox 188 2191 337 2268; x_wconf 87' lang='lat' dir='ltr'><strong>quantitas</strong></span> <span class='ocrx_word' id='word_1_189' title='bbox 359 2189 425 2249; x_wconf 87' lang='lat' dir='ltr'><strong>finis</strong></span> <span class='ocrx_word' id='word_1_190' title='bbox 446 2190 562 2260; x_wconf 90' lang='lat' dir='ltr'><strong>intenti,</strong></span> <span class='ocrx_word' id='word_1_191' title='bbox 585 2191 654 2268; x_wconf 90' lang='lat' dir='ltr'><strong>quia</strong></span> <span class='ocrx_word' id='word_1_192' title='bbox 668 2211 783 2269; x_wconf 84' lang='lat' dir='ltr'><strong>semper</strong></span> <span class='ocrx_word' id='word_1_193' title='bbox 803 2201 893 2268; x_wconf 82' lang='lat' dir='ltr'><strong>auget</strong></span> <span class='ocrx_word' id='word_1_194' title='bbox 907 2210 1010 2268; x_wconf 85' lang='lat' dir='ltr'><strong>pecea-</strong></span> 
     </span>
     <span class='ocr_line' id='line_1_27' title="bbox 58 2269 1009 2349; baseline -0.001 -19"><span class='ocrx_word' id='word_1_195' title='bbox 58 2280 126 2330; x_wconf 90' lang='lat' dir='ltr'><strong>tum</strong></span> <span class='ocrx_word' id='word_1_196' title='bbox 142 2293 151 2330; x_wconf 84' lang='lat'><strong>:</strong></span> <span class='ocrx_word' id='word_1_197' title='bbox 171 2291 201 2330; x_wconf 89' lang='lat' dir='ltr'><strong>v.</strong></span> <span class='ocrx_word' id='word_1_198' title='bbox 214 2291 243 2348; x_wconf 83' lang='lat' dir='ltr'><strong>g.</strong></span> <span class='ocrx_word' id='word_1_199' title='bbox 255 2269 335 2349; x_wconf 73' lang='lat' dir='ltr'><strong>quod</strong></span> <span class='ocrx_word' id='word_1_200' title='bbox 344 2269 409 2347; x_wconf 90' lang='lat' dir='ltr'><strong>quis</strong></span> <span class='ocrx_word' id='word_1_201' title='bbox 423 2271 584 2328; x_wconf 89' lang='lat' dir='ltr'><strong>intenderit</strong></span> <span class='ocrx_word' id='word_1_202' title='bbox 597 2291 720 2349; x_wconf 86' lang='lat' dir='ltr'><strong>peccare</strong></span> <span class='ocrx_word' id='word_1_203' title='bbox 741 2290 836 2349; x_wconf 92' lang='lat' dir='ltr'><strong>usque</strong></span> <span class='ocrx_word' id='word_1_204' title='bbox 858 2270 897 2329; x_wconf 87' lang='lat' dir='ltr'><strong>ad</strong></span> <span class='ocrx_word' id='word_1_205' title='bbox 922 2272 1009 2329; x_wconf 87' lang='lat' dir='ltr'><strong>finem</strong></span> 
     </span>
     <span class='ocr_line' id='line_1_28' title="bbox 58 2349 670 2422; baseline 0 -12"><span class='ocrx_word' id='word_1_206' title='bbox 58 2352 146 2422; x_wconf 76' lang='lat' dir='ltr'><strong>vitae,</strong></span> <span class='ocrx_word' id='word_1_207' title='bbox 158 2370 267 2410; x_wconf 89' lang='lat' dir='ltr'><strong>nocere</strong></span> <span class='ocrx_word' id='word_1_208' title='bbox 280 2349 404 2408; x_wconf 88' lang='lat' dir='ltr'><strong>infinitis</strong></span> <span class='ocrx_word' id='word_1_209' title='bbox 418 2351 598 2422; x_wconf 85' lang='lat' dir='ltr'><strong>hominibus,</strong></span> <span class='ocrx_word' id='word_1_210' title='bbox 615 2362 670 2410; x_wconf 89' lang='lat' dir='ltr'><strong>etc.</strong></span> 
     </span>
    </p>
   </div>
   <div class='ocr_carea' id='block_1_4' title="bbox 212 2508 869 2571">
    <p class='ocr_par' dir='ltr' id='par_1_9' title="bbox 212 2508 869 2571">
     <span class='ocr_line' id='line_1_29' title="bbox 212 2508 869 2571; baseline -0.003 -1"><span class='ocrx_word' id='word_1_211' title='bbox 212 2519 230 2546; x_wconf 87' lang='lat'><em>“</em></span> <span class='ocrx_word' id='word_1_212' title='bbox 243 2510 326 2570; x_wconf 91' lang='lat' dir='ltr'><strong>Finis</strong></span> <span class='ocrx_word' id='word_1_213' title='bbox 335 2508 491 2571; x_wconf 81' lang='lat' dir='ltr'><strong>Tractattis</strong></span> <span class='ocrx_word' id='word_1_214' title='bbox 506 2511 544 2570; x_wconf 87' lang='lat' dir='ltr'><strong>de</strong></span> <span class='ocrx_word' id='word_1_215' title='bbox 555 2511 682 2571; x_wconf 88' lang='lat' dir='ltr'><strong>Actibus</strong></span> <span class='ocrx_word' id='word_1_216' title='bbox 693 2509 869 2571; x_wconf 88' lang='lat' dir='ltr'><strong>Humanis.&#39;’</strong></span> 
     </span>
    </p>
   </div>
   <div class='ocr_carea' id='block_1_5' title="bbox 0 0 1080 4066">
    <p class='ocr_par' dir='ltr' id='par_1_10' title="bbox 0 0 1080 4066">
     <span class='ocr_line' id='line_1_30' title="bbox 0 0 1080 4066; baseline 0 0"><span class='ocrx_word' id='word_1_217' title='bbox 0 0 1080 4066; x_wconf 95' lang='lat' dir='ltr'><strong> </strong></span> 
     </span>
    </p>
   </div>
  </div>
 </body>
</html>
