2160 4072
66 108 138 181 166
441 128 646 177 rsacrsrus

108 277 185 353 Quis
197 286 244 337 est
255 276 308 336 ille
319 275 409 348 nitot,
426 276 460 337 in
481 274 568 357 cujus
588 272 761 356 privatione
771 273 887 335 macula
898 294 931 354 ps

114 438 175 497 111.
190 441 225 497 lt.
239 436 387 499 Nitorllle
399 448 445 497 est
456 434 581 515 duplex,
593 443 629 497 nt
640 433 731 497 docet
742 435 775 497 8.
785 434 892 497 Thon.
912 455 931 493 u

71 537 150 577 unur
161 516 303 578 naturalis
315 537 353 576 ex
372 516 552 595 refulgentia
568 515 693 575 luminis
704 515 836 586 rationis,
857 535 911 592 per
922 535 931 592 ι

72 598 163 658 homo
177 596 316 676 dirigitur
326 598 427 658 insuia
435 598 601 668 actibuuut
608 595 812 656 conformetur
822 616 884 655 suae
893 615 931 672 reg

73 676 135 757 legi
147 697 255 756 nempe
277 688 395 737 reternae
416 686 448 737 et
466 687 553 736 recta
576 676 683 736 rationi
694 699 705 748 ς
729 675 805 734 alter
817 674 931 734 nitore

73 757 253 838 refulgentia
264 757 387 817 luminis
406 757 639 836 supernaturalia
661 756 844 833 seuflgratiaa
857 774 931 834 perr

148 839 225 898 citur
236 836 328 897 homo
338 836 370 896 in
382 838 533 897 ordinead
547 839 646 897 Deum
656 845 692 895 ut
705 836 795 894 linem
808 855 931 914 superna

88 938 145 978 em.
178 917 238 977 His
250 918 367 978 notatis

114 997 284 1057 Dicendum
297 997 444 1058 maculam
465 999 581 1077 peccati
592 996 625 1056 in
637 997 696 1057 huc
709 1005 788 1057 statu
811 996 931 1054 consiste

72 1078 240 1157 privatione
252 1078 408 1158 utriusque
415 1078 538 1138 nitoris:
552 1077 655 1138 verim
668 1078 701 1136 in
710 1087 791 1137 statu
802 1086 931 1153 nature]

73 1157 252 1221 constitisset
263 1158 358 1218 solium
375 1159 409 1217 in
427 1158 592 1236 privatione
604 1158 710 1217 nitoris
727 1156 883 1226 naturalis,
904 1177 931 1234 qr

73 1236 126 1299 illo
138 1248 218 1299 stetu
229 1258 291 1299 non
301 1238 408 1299 diisset
418 1238 498 1299 nitor
510 1237 751 1317 supernaturalis,
771 1237 838 1295 cdm
851 1236 931 1295 home

77 1318 139 1399 tim
147 1318 253 1389 fuisset
262 1310 415 1393 ordinatus
425 1318 468 1379 'ad
490 1320 589 1379 Deum
602 1329 637 1378 ut
650 1317 740 1377 finem
750 1316 928 1387 naturalem,

74 1399 338 1478 supernaturalem.
762 1432 765 1436 ·

118 1482 170 1538 An
180 1478 305 1539 macule
316 1481 500 1539 diversorum
512 1487 702 1559 peccatorum
715 1478 793 1536 inter
807 1496 839 1534 se
852 1475 931 1535 differ

119 1560 175 1620 IV.
185 1561 221 1619 R.
236 1560 440 1635 Affirmative3
459 1560 533 1639 quia
544 1559 670 1619 maculoe
691 1557 753 1617 ille
773 1556 931 1617 considera

74 1640 226 1703 nentrum
385 1640 620 1701 adsuescsusus
639 1648 835 1716 scupeccata,
858 1656 931 1715 exq

75 1718 222 1795 criuntur,
235 1728 271 1779 ut
292 1719 357 1796 fcit
366 1719 397 1780 S.
410 1720 519 1781 llrom.
532 1731 563 1779 et
574 1720 617 1780 ita
623 1719 747 1779 maculo
756 1729 826 1777 sunt
839 1717 931 1795 plurer

72 1817 166 1889 perse
179 1809 214 1859 ut
224 1798 393 1879 inequales,
406 1811 498 1879 prout
504 1800 603 1879 plura,
613 1801 732 1860 diversa
743 1796 931 1877 etinoequaliu

78 1898 275 2034 peilcdomodo
288 1952 450 2021 secundum
472 1972 626 2039 peccatum
640 1959 764 2018 mortale
787 1968 931 2036 potestus

76 2060 183 2098 novam
194 2041 348 2113 maculam,
370 2046 440 2101 crim
453 2044 548 2120 gratia
568 2040 751 2101 sanctificans
768 2040 832 2119 jam
848 2040 887 2097 sit
907 2059 931 2096 ss

81 2139 135 2198 per
148 2122 302 2198 primum?

117 2202 152 2258 R.
166 2199 245 2273 Quia
254 2202 416 2261 secundum
426 2212 580 2280 peccatum
591 2201 728 2280 equidem
742 2200 781 2259 de
796 2221 827 2258 se
841 2212 887 2258 est
900 2220 931 2278 pr

79 2298 150 2337 vum
161 2282 273 2357 gratiss,
295 2302 419 2358 eamque
431 2283 570 2352 auferret,
592 2283 616 2341 si
630 2281 795 2360 reperiret3
824 2281 931 2356 udeoqr

79 2379 157 2418 nova
171 2380 257 2419 causa
269 2362 452 2440 privationis,
473 2381 551 2421 nova
564 2361 759 2440 indispositio,
788 2373 881 2438 atque
895 2362 931 2418 its

77 2441 203 2499 ‘uraculu
702 2483 706 2499 ,

122 2521 159 2581 In
173 2541 233 2599 quo
246 2521 379 2581 consistit
390 2521 505 2589 mocula
517 2523 630 2601 peccati
646 2521 790 2580 venialis?

85 2674 87 2679 Ι
121 2601 160 2662 V.
172 2603 205 2660 R.
223 2603 260 2661 In
272 2602 437 2681 privatione
450 2603 553 2663 nitoris
566 2603 716 2671 naturalis,
737 2612 767 2659 et
780 2600 909 2660 fervoris
928 2626 931 2653 ι

83 2681 160 2750 tatis,
180 2701 242 2742 non
260 2695 360 2741 tamen
372 2682 539 2760 privatione
551 2682 701 2742 charitatis
715 2701 766 2739 seu
780 2682 888 2758 gratioe
896 2700 931 2739 sa]

82 2760 192 2819 cantisr
216 2773 246 2822 et
255 2763 326 2822 hinc
334 2774 393 2839 est,
420 2764 501 2840 qudd
523 2765 553 2822 S.
566 2763 624 2824 Th.
639 2771 742 2839 quaest.
757 2770 805 2830 89.
820 2773 875 2818 art
896 2769 920 2818 1.

81 2851 235 2919 peccatum
249 2842 364 2901 reniale
378 2844 494 2920 proprie
508 2863 569 2902 non
582 2842 724 2900 inducere
737 2842 887 2899 maculam
896 2861 931 2899 se

81 2923 142 2981 tim
156 2921 318 2990 secundum
332 2922 424 3000 quid;
449 2924 520 3000 quia
541 2922 653 2982 scilicet
671 2941 732 2979 non
752 2920 854 2979 reddit
876 2921 931 2979 hou

82 2998 135 3062 sim
159 2999 254 3060 liciter
267 3003 464 3072 immundum,
478 3002 554 3062 sicut
567 3001 680 3059 macula
692 3001 808 3078 peccati
822 3001 931 3059 mortal

122 3021 202 3141 ilinc
214 3082 300 3140 etism
315 3082 500 3159 intelligitur,
514 3081 664 3160 quomodo
673 3080 811 3139 dicantur
824 3080 857 3137 in
872 3082 931 3140 Scri

80 3164 170 3222 Sacra
183 3161 371 3232 immaculati,
400 3163 452 3239 qui
471 3166 588 3222 tantum
609 3161 719 3219 habent
740 3172 862 3238 peccata
888 3180 931 3218 ve]

80 3241 219 3316 maculati
230 3245 308 3313 veri,
330 3241 382 3319 qui
395 3241 506 3302 hubent
519 3241 662 3301 mortalia.

121 3322 177 3383 vl.
192 3323 240 3381 Ex
250 3323 337 3399 dictis
350 3322 407 3381 hoc
419 3341 543 3382 numero
551 3332 633 3400 patet
640 3321 743 3379 merite
753 3321 931 3398 proscriptor

81 3394 159 3462 hanc
176 3401 409 3480 propositionem
433 3402 480 3463 56.
495 3403 572 3461 inter
587 3401 725 3479 Bajanas:
750 3408 769 3434 “
782 3403 819 3459 ln
829 3411 931 3478 peccat

82 3486 103 3515 “
117 3492 195 3553 sunt,
210 3494 293 3542 actus
307 3494 337 3542 et
350 3492 459 3552 matut,
480 3493 651 3542 transeunte
664 3493 762 3538 autem
776 3492 855 3550 actu,
870 3481 931 3541 ni11

92 3562 166 3620 ‘nisi
179 3573 288 3632 reatus,
302 3563 364 3622 sive
377 3561 519 3640 obligatio
530 3563 569 3621 sd
576 3563 723 3640 poenam.’'

261 3683 302 3742 N.
317 3689 387 3754 149.
409 3682 467 3741 DE
487 3680 631 3740 tinuit}
653 3679 841 3739 PECCATI.

66 3796 93 3863 ἱ.
130 3804 247 3866 [reatus
284 3803 404 3888 crpus.
447 3803 496 3863 ιι.
540 3796 652 3872 crepo.
690 3793 755 3848 ιιι.
770 3764 779 3784 “
794 3793 931 3862 num

103 3885 275 3950 Peccatum
312 3883 440 3948 mortale
471 3883 578 3940 causat
604 3878 717 3930 reulum
746 3882 836 3940 porrus
868 3876 931 3920 ete
