2160 4072
440 123 487 169 nr:
509 123 585 170 nnn
942 107 984 175 31

48 265 166 341 babent,
185 277 356 330 nontamen
368 289 484 350 semper
494 281 638 350 quantum
648 271 687 331 ad
700 272 937 334 terminationem
949 276 987 335 li-

48 347 144 408 beram
153 349 194 409 ad
207 360 368 411 creaturas.
383 420 386 426 ¹

83 429 158 510 obj.
175 431 311 490 infinitas
325 443 356 491 et
378 430 718 511 incomprehensibilitas
740 444 811 494 sunt
825 434 884 495 Dei
898 437 984 496 attri-

48 509 115 569 buta
122 534 132 583 ;
155 511 239 588 atqui
252 510 305 569 illa
316 531 377 570 non
398 512 538 571 videntur
546 537 556 585 3
571 534 653 591 ergo,
668 523 723 573 etc.

84 592 120 650 R.
136 591 218 668 Neg.
240 592 322 652 min:
346 593 430 651 Beati
444 591 522 652 enim
537 604 567 652 et
580 593 757 652 infinitatem
771 603 801 652 et
814 596 982 676 incompre-

48 671 273 731 hensibilitatem
288 672 364 732 clare
378 673 490 744 vident,
504 673 556 733 sed
570 694 631 733 non
641 672 906 753 comprehendunt.

80 755 131 813 An
146 752 286 831 equidem
300 774 355 831 per
378 754 542 831 potentiam
568 755 626 813 Dei
645 755 809 814 absolutam
834 757 897 816 lieri
920 777 980 817 non

49 842 147 911 potest,
163 843 198 893 ut
211 833 280 912 quie
295 834 394 894 videat
407 835 536 894 divinam
552 834 729 904 Essentiam,
753 854 814 895 non
827 835 899 896 visis
909 839 981 899 Per-

49 913 127 985 sonis,
143 913 193 973 vel
210 934 298 974 unam
313 916 481 984 Personam,
495 935 556 974 non
570 913 640 975 visis
649 914 734 975 aliis?

80 993 114 1052 il.
129 993 265 1066 Quaestio
275 997 338 1055 haee
350 996 419 1074 plus
427 1001 512 1073 aequd
524 996 693 1055 Themistas
703 997 780 1056 inter
794 1007 824 1055 et
838 998 980 1058 Sootista‘a
1048 1002 1052 1009 '

49 1075 191 1154 rgitatnrr
212 1076 289 1135 hiae
303 1077 463 1135 fundantes
477 1077 508 1134 in
536 1096 590 1135 sua
600 1076 792 1135 distinctione
806 1078 933 1149 formali,
947 1081 979 1140 id

49 1154 103 1215 ieri
121 1176 212 1234 posse
233 1157 398 1228 affirmant3
419 1155 522 1216 verum
536 1176 604 1216 cum
620 1156 783 1216 Thomistia
805 1159 976 1236 negandum

49 1235 178 1310 ridetur3
190 1239 267 1296 ratio
275 1249 329 1308 est,
345 1237 425 1316 quod
431 1237 520 1316 juxta
530 1236 610 1297 diota
624 1238 663 1294 N.
673 1246 702 1306 9.
718 1238 854 1298 Essentia
870 1239 928 1298 Dei
940 1242 979 1299 sit

50 1315 156 1376 realiter
166 1318 246 1377 idem
259 1338 328 1377 eum
338 1317 476 1377 omnibus
488 1319 547 1376 Dei
557 1317 717 1388 attributis,
729 1328 759 1376 et
766 1322 882 1378 contri:
894 1340 975 1398 ergo,

50 1397 91 1475 qui
105 1397 191 1457 videt
206 1399 371 1457 Essentiam
387 1398 484 1476 qualia
512 1407 557 1456 est
581 1397 612 1454 in
637 1417 677 1467 se,
699 1397 786 1455 etiam
801 1399 883 1457 videt
906 1402 975 1460 Per·-

50 1496 141 1539 unas:
164 1478 269 1556 etqui
291 1478 374 1537 videt
396 1498 485 1537 unam
503 1479 671 1547 Personam,
694 1477 777 1536 videt
798 1479 975 1552 Essentiam,

50 1556 170 1636 ultique
181 1561 271 1618 etiam
286 1559 357 1618 alias
372 1558 523 1617 Personas.

78 1638 149 1718 obj.
164 1641 189 1698 1.
205 1637 341 1697 Essentia
351 1639 451 1698 divina
462 1639 696 1697 communicatur
706 1638 792 1710 Filio,
807 1659 868 1697 non
878 1653 976 1719 pater·

50 1719 130 1785 sitast
146 1718 242 1778 Filius
256 1719 396 1778 terminat
408 1730 546 1778 naturam
562 1719 734 1789 humanam,
748 1738 808 1777 non
823 1722 908 1780 Pater
922 1732 974 1782 aut

50 1798 164 1878 {piritus
175 1801 320 1873 Sanetns;
342 1820 424 1878 ergo.
438 1811 493 1858 ete.

77 1880 283 1941 arsacides
303 1900 376 1952 ease,
398 1878 469 1959 quia
490 1879 652 1958 paternitas
676 1879 797 1938 relative
812 1882 974 1958 opponitur

51 1956 124 2032 lilio,
139 1961 273 2038 adeoque
286 1960 344 2040 ipsi
359 1961 570 2021 communicari
593 1980 653 2018 non
674 1971 790 2038 potest:
807 1961 878 2018 item
906 1959 973 2022 crim

51 2039 132 2101 lilius
153 2040 275 2100 'realiter
298 2041 499 2120 distinguatur
516 2041 537 2100 'd
553 2042 640 2099 Patre
664 2052 694 2099 et
717 2039 829 2117 Spiritu
854 2041 974 2114 Sancto,

51 2121 144 2180 uirum
157 2135 220 2180 non
233 2133 288 2192 est,
309 2122 389 2198 quid
400 2120 480 2180 solua
493 2121 632 2180 terminet
641 2132 776 2179 naturam
791 2119 972 2197 humanam

51 2201 84 2260 ed
91 2203 232 2281 quamvis
243 2203 378 2261 Personae
389 2201 508 2261 realiter
518 2202 595 2260 inter
605 2222 636 2260 ee
647 2200 876 2278 distinguantur,
884 2194 971 2282 equi.

51 2281 98 2342 lem
114 2294 188 2342 sunt
195 2283 312 2342 realiter
322 2283 401 2341 idem
412 2302 481 2341 cum
492 2281 630 2340 Essentii
641 2281 751 2352 divini,
760 2281 893 2359 adedque
905 2283 971 2343 visi

52 2364 171 2424 issentii
185 2362 261 2423 clare
275 2375 305 2423 et
318 2363 466 2432 intuitive,
481 2361 621 2421 videntur
638 2363 793 2434 Personae;
814 2373 845 2420 et
858 2373 971 2424 eontra.

72 2445 145 2525 Obj.
162 2446 205 2504 11.
220 2442 305 2505 Deus
319 2443 413 2502 videri
423 2453 523 2521 potest
536 2463 597 2501 non
610 2443 681 2502 visis
696 2443 838 2502 creaturis
852 2466 862 2514 ;
884 2462 966 2522 ergo,

71 2605 107 2665 R.
122 2606 202 2685 Neg.
214 2625 333 2683 conseq.
348 2604 418 2682 quia
432 2615 575 2663 creaturae
585 2623 645 2662 non
671 2613 741 2661 sunt
763 2603 927 2662 formaliter
937 2603 969 2664 in

52 2687 107 2757 leo,
118 2686 172 2745 sed
183 2684 298 2745 tannim
313 2687 494 2756 eminentem
516 2684 635 2744 decreta
648 2682 770 2761 quidem
782 2682 877 2742 libera
891 2687 967 2744 enti·

52 2767 120 2827 atine
130 2760 251 2846 sumpta
261 2777 331 2825 sunt
343 2765 462 2824 realiter
472 2764 550 2823 idem
565 2785 631 2823 eum
644 2764 721 2833 Deo,
736 2762 789 2822 sed
802 2782 863 2821 uon
873 2783 966 2842 quan·

53 2850 89 2904 im
112 2847 153 2906 ad
167 2848 404 2906 terminationem
418 2844 542 2905 liberam
564 2845 603 2903 ad
625 2854 773 2902 creaturae
783 2866 793 2915 3
815 2844 892 2903 ratio
911 2857 966 2916 est,

53 2928 111 2988 uod
120 2928 292 2988 terminatio
315 2927 375 2995 illa,
390 2936 425 2984 ut
437 2925 514 2992 talis,
529 2945 590 2983 non
604 2925 687 2983 sitin
701 2924 768 2982 Deo
791 2925 965 2994 necessarie,

53 3008 97 3068 im
121 3011 160 3067 ab
188 3028 225 3066 eo
246 3008 341 3087 possit
354 3007 466 3076 abesae,
482 3018 516 3066 ut
529 3006 561 3063 in
575 3003 634 3064 fine
648 3007 686 3064 N.
714 3002 759 3063 16.
774 3001 966 3067 dictumest:

53 3089 152 3148 roinde
164 3088 228 3148 vist
241 3088 389 3157 Essentid,
403 3105 464 3144 non
478 3086 640 3146 necessarii
652 3082 770 3145 videtur
790 3083 842 3142 illa
864 3084 965 3144 termi-

53 3168 109 3228 atio
123 3171 180 3229 sub
193 3168 309 3228 ratione
321 3165 544 3227 terminationis.

53 3332 71 3386 r.
92 3337 139 3391 aa.
161 3330 222 3390 nn
244 3328 422 3399 vrsrous
444 3325 771 3388 casaruanruu
794 3323 841 3383 m
863 3300 967 3384 riso.

284 3490 314 3548 S.
331 3469 427 3548 Tium.
441 3496 538 3567 quoest.
554 3488 602 3548 12.
615 3494 672 3544 ort.
685 3493 712 3546 8.

73 3652 94 3709 l.
114 3650 198 3712 Booti
211 3650 304 3709 uident
313 3647 442 3727 mysterio
456 3666 517 3725 quoe
526 3638 714 3706 erediderunt.
736 3643 779 3704 ΙΙ.
796 3643 862 3703 Νοη
872 3650 966 3703 tomen

105 3751 200 3789 mee
210 3728 444 3788 circumstantius.
468 3727 529 3786 lll.
551 3727 653 3789 Vident
667 3723 987 3804 citramontanam

66 3821 72 3830 '
90 3814 181 3864 tmen
192 3805 287 3864 mata
305 3805 482 3903 singularia.
527 3808 585 3874 IV.
607 3808 718 3874 Vitem
733 3811 838 3880 etium,
852 3820 919 3884 quat
933 3821 1006 3861 ean·
