2152 4066
216 192 698 296 nRAOTATUS
736 194 812 295 Η.

506 433 551 477 DE

159 576 446 641 VOLUNTARIO
473 579 529 638 ET
552 575 900 640 INVOLUNTARIO.

397 921 619 1000 QUAESTIO
643 921 670 983 Ι.

339 1088 398 1147 DE
419 1078 721 1147 VOLUNTARIO.

63 1454 102 1512 N.
120 1461 165 1512 11.
207 1454 265 1514 DE
289 1453 581 1533 DEFINJTIONE
605 1454 661 1514 ET
684 1453 912 1515 DIVISIONE
928 1455 971 1519 VC

421 1534 644 1595 LUNTARII.

375 1692 406 1751 o.
425 1672 524 1755 room'.
544 1703 640 1776 queo.
662 1693 690 1755 o.

139 1855 164 1913 1.
181 1852 319 1919 Definitio
332 1853 496 1914 voluntarii.
539 1855 584 1916 11.
598 1853 759 1914 Divioiooes
773 1853 930 1912 uoluntarii.

106 2014 217 2088 QUID
232 2024 278 2072 est
290 2014 513 2075 voluntarium?

107 2097 131 2153 I.
149 2095 184 2162 R,
208 2095 264 2152 Est
277 2095 310 2152 id
323 2095 405 2173 quod
419 2095 554 2171 procedit
572 2116 590 2153 e
602 2094 749 2173 principio
763 2093 923 2155 intrinseco
935 2115 971 2154 cur

66 2173 234 2253 cognitione
254 2174 329 2232 finis.

107 2256 178 2313 Duo
201 2254 302 2333 itaque
325 2254 363 2312 ad
384 2254 585 2314 voluntarium
606 2255 800 2332 requiruntur
807 2278 817 2326 ;
841 2256 971 2333 primo‚1

66 2334 208 2413 procedat
221 2335 237 2391 ὲ
251 2334 399 2412 principio
420 2335 538 2394 interno
551 2334 632 2392 illius
646 2335 698 2405 rei,
715 2355 782 2413 quae
795 2346 952 2413 operatur:

66 2416 138 2474 hino
159 2413 331 2483 violentum,
346 2415 428 2493 quod
452 2415 516 2474 fito
535 2415 682 2494 principio
696 2417 870 2484 extrinseco,
893 2436 971 2475 none

68 2495 277 2557 voluntarium.

108 2576 150 2633 2⁰.
163 2576 207 2635 Ut
219 2577 361 2653 procedat
374 2597 452 2646 eum,
468 2597 519 2636 seu
534 2597 570 2636 ex
585 2574 754 2656 cognitione
765 2576 841 2648 finis,
852 2577 895 2635 ita
909 2590 942 2637 ut
951 2598 971 2635 n

69 2676 136 2734 quae
149 2675 203 2731 per
217 2656 398 2734 principium
410 2656 466 2715 sibi
479 2658 672 2717 intrinsecum
685 2666 834 2733 operetur,
847 2658 935 2716 finem
955 2680 971 2716 a

71 2735 197 2815 qualiter
218 2749 386 2814 eognoscat,
406 2748 436 2795 et
460 2757 496 2795 ex
518 2758 552 2796 ea
563 2736 731 2817 cognitione
754 2748 910 2813 operetur:
939 2737 970 2795 hi

69 2827 168 2874 motus
184 2817 330 2875 naturalis
345 2837 374 2874 v.
398 2837 427 2893 g.
445 2817 542 2876 cordis
566 2839 626 2877 non
655 2826 700 2876 est
723 2816 920 2888 voluntarius,
945 2816 971 2876 ci

71 2896 168 2953 licito
181 2895 329 2974 principio
349 2896 518 2969 intrinseco,
547 2918 607 2956 non
630 2908 818 2957 tamencum
841 2898 971 2976 cognitio

72 2975 139 3032 finis
149 2975 297 3051 procedat.

112 3054 226 3132 Collige
239 3056 419 3134 principium
434 3057 515 3116 istud
540 3059 733 3117 intrinsecum
758 3078 818 3116 non
838 3077 925 3136 posse
951 3080 971 3117 e:

72 3135 163 3207 aliud,
190 3138 278 3214 quim
299 3137 436 3196 voluntas
460 3149 490 3196 et
513 3140 662 3217 appetitus
686 3138 862 3210 sensitivus;
885 3142 971 3197 cum:

73 3215 125 3274 soli
140 3227 230 3294 agant
243 3237 311 3275 cum
322 3219 490 3294 cognitione
504 3219 577 3278 finis.

114 3297 272 3370 Quomodo
285 3297 428 3356 dividitur
443 3299 662 3359 voluntarium?
847 3347 850 3351 «

115 3379 157 3435 ΙΙ.
170 3379 205 3436 R.
221 3377 428 3454 Multipliciter
437 3403 447 3450 3
472 3379 509 3437 1⁰.
536 3380 571 3437 In
586 3378 787 3438 voluntarium
801 3381 971 3458 perfectum

74 3456 271 3515 voluntarium
286 3459 502 3535 imperfectum.
523 3459 563 3518 2⁰.
581 3460 617 3518 In
627 3458 826 3519 voluntarium
841 3461 971 3520 elicitum

74 3538 274 3595 voluntarium
289 3539 475 3615 imperatum.
508 3540 547 3600 3⁰.
574 3540 608 3597 In
624 3539 822 3598 voluntarium
841 3541 971 3600 liberum

76 3618 275 3675 voluntarium
291 3621 496 3677 necessarium.
515 3620 555 3681 4⁰.
570 3619 814 3695 lumlontarium
826 3622 971 3680 directum

75 3697 273 3756 voluntarium
282 3699 480 3758 indirectum:
496 3700 546 3759 Ad
554 3704 631 3760 hane
639 3690 813 3761 divisionem
822 3702 971 3762 reducunt

427 3958 468 3972 ᾁ
