2152 4066
407 112 453 155 ou
476 110 649 157 ruccone.
940 87 1003 155 321

99 254 301 332 QUAENAM
325 266 591 336 suntpecootorum
606 260 723 318 oausaei

100 336 129 396 1.
146 339 184 397 R.
198 338 274 398 Cum
290 337 321 397 S.
340 336 449 397 Thom.
463 337 527 396 elio
547 348 722 397 suntcausae
734 335 867 407 intemoe,
895 355 1003 415 nempe

59 412 243 488 intellectus,
257 416 404 487 voluntas,
432 416 603 495 imaginatio
627 428 657 476 et
670 417 820 497 appetitus
834 416 1003 488 sensitivus‚

59 497 177 575 quibus
190 496 400 576 correspondet
410 495 516 555 divisio
529 498 643 576 peccati
653 497 685 556 in
698 507 853 576 peccatum
867 517 904 557 ex
918 497 1003 576 igno-

59 577 289 657 nntiaexpurte
300 577 476 648 intellectis,
484 596 520 637 ex
529 577 641 636 melitio
648 578 679 636 in
687 577 848 648 voluntate,
860 588 890 636 et
899 597 1004 657 peccu-

59 666 130 717 tum
143 677 181 717 ex
190 656 361 717 infirmitate
369 677 405 717 ex
415 668 500 737 parte
507 656 725 736 imaginationis
733 668 763 716 et
773 658 923 735 appetitus
937 678 1004 717 sen-

61 736 241 799 sitivi-Alite
254 749 325 798 sunt
338 758 432 799 causo
442 748 581 807 externae,
590 758 657 815 quae
666 748 736 797 sunt
749 750 832 797 extre
843 737 1003 814 hominem,

62 828 98 877 ut
111 817 239 888 demon,
251 818 349 891 homo,
361 829 391 877 et
400 818 516 878 ob'eeta
525 830 660 890 exterum
670 837 762 877 unum
772 837 891 897 quoque
900 837 1004 897 pecca-

65 906 237 978 tumpotest
246 918 310 958 esse
320 918 407 959 causa
445 899 545 959 terius.

103 976 148 1041 11.
165 979 314 1040 Observot
328 980 358 1039 S.
373 980 480 1039 Thom.
502 988 557 1037 art.
574 984 603 1037 2.
617 978 649 1037 in
663 983 684 1013 ‘⁴
695 980 802 1058 Corp.”
822 978 904 1057 quod
917 998 1005 1039 cause

65 1058 201 1137 proxima
214 1070 244 1119 et
253 1058 422 1119 immediato
434 1058 549 1138 peccati
562 1056 621 1118 sint
631 1057 798 1119 intellectus
818 1068 849 1118 et
858 1059 1004 1130 voluntas,

69 1139 232 1218 etquidem
245 1139 325 1217 quod
347 1138 483 1199 voluntas
497 1138 559 1199 solu
576 1139 616 1198 sit
628 1158 716 1198 causo
728 1139 904 1199 sufficienter
926 1158 1005 1199 com-

69 1216 150 1297 plens
163 1230 328 1300 peccatum,
343 1231 465 1291 attento,
486 1220 567 1300 quod
578 1218 694 1279 nullum
720 1220 759 1278 sit
771 1230 926 1298 peccatum
947 1217 1006 1279 nisi

70 1298 278 1361 voluntarium.
299 1299 432 1379 Reliquae
442 1320 538 1360 ouusae
552 1311 622 1360 sunt
634 1298 841 1360 insufficientes
851 1311 882 1359 et
894 1300 1005 1359 media-

69 1386 109 1453 to,
124 1378 272 1459 quotenus
284 1380 467 1441 voluntatem
486 1382 607 1440 movent
620 1392 650 1440 et
670 1379 817 1440 inducunt
830 1379 868 1439 sd
881 1399 1006 1459 peomn-

68 1457 146 1521 dum.
188 1461 266 1520 Vide
276 1463 367 1520 Num.
383 1469 432 1531 59.

100 1538 167 1601 111.
183 1540 215 1604 S.
229 1540 337 1601 Thom.
353 1550 456 1620 quaest
472 1548 521 1609 77.
535 1552 590 1603 art.
605 1548 635 1603 4.
649 1540 746 1613 docet,
761 1540 841 1621 quod
854 1540 1004 1601 inordina·

62 1630 205 1681 tusamor
218 1623 265 1681 sui
279 1622 317 1681 sit
326 1622 518 1682 ceusaomnis
527 1623 660 1702 pecceti3
675 1622 746 1700 quia
754 1641 841 1681 omne
849 1632 1006 1700 peccatum

156 1701 201 1763 dit
214 1723 252 1763 ex
264 1702 364 1782 aliquo
373 1702 540 1762 inordinato
553 1703 686 1782 appetitu
700 1703 825 1783 alicujus
837 1713 897 1763 tem
954 1701 1008 1762 alis

58 1720 157 1843 m
185 1781 266 1863 quod
279 1793 377 1843 autem
392 1783 459 1862 quis
472 1794 594 1862 appetat
606 1784 771 1843 inordinato
795 1781 877 1861 aliqu
930 1793 1007 1842 tem·

58 1862 169 1941 potale
185 1864 309 1934 bonum,
322 1863 458 1943 procedit
471 1883 508 1922 ex
528 1864 595 1934 hoc,
619 1863 700 1942 quid
724 1863 756 1922 in
777 1863 910 1922 ordinate
929 1872 1007 1922 amet

58 1944 218 2022 seipsum3
232 1944 302 2003 hinc
311 1963 348 2003 ex
358 1947 502 2006 sententia
512 1944 674 2003 multorum
690 1946 780 2003 Num.
790 1951 818 2003 4.
829 1942 1007 2013 dictumest,

58 2023 149 2102 quod
162 2023 230 2083 finis
252 2023 374 2085 ultimus
395 2023 545 2104 peccantis
567 2023 731 2083 mortaliter
753 2025 792 2083 sit
813 2025 926 2083 bonum
939 2042 1009 2101 pro·

58 2104 168 2183 prium
181 2103 346 2164 inordinate
359 2117 488 2167 amatum
502 2125 598 2184 usque
611 2104 650 2163 od
663 2114 864 2182 contemptum
879 2101 948 2162 Dei.

102 2185 182 2264 Obj.
198 2185 298 2245 Homo
307 2197 412 2263 peccat
423 2186 572 2246 interdum
582 2194 704 2264 propter
717 2184 916 2243 inordinatum
927 2204 1009 2242 amo·

58 2284 130 2325 rem
143 2266 291 2344 proximi;
303 2285 374 2344 ergo
387 2287 470 2326 amor
483 2267 530 2325 sui
542 2284 604 2325 non
616 2276 661 2325 est
675 2285 764 2324 causo
776 2264 871 2323 omnis
884 2263 1009 2342 peccati.

104 2346 145 2405 R.
161 2348 239 2424 Neg‚
253 2366 372 2425 conseq.
388 2348 474 2406 Retio
497 2356 551 2416 est,
572 2345 654 2425 quod
674 2365 758 2406 amor
771 2345 897 2425 proximi
919 2344 958 2404 sit
971 2363 1008 2403 ex

59 2444 168 2486 more
182 2431 249 2489 sui:
272 2446 333 2486 uon
353 2427 432 2486 enim
445 2426 592 2506 quispiam
605 2436 717 2485 arnmot
728 2426 908 2504 proximum,
922 2424 1011 2502 eiquo

60 2506 181 2566 bonum
193 2518 375 2586 procuraret,
385 2507 443 2567 nisi
452 2508 518 2576 hoc,
533 2506 614 2587 quid
627 2505 764 2587 proximo
777 2504 912 2575 benerit,
927 2504 1010 2563 velut

63 2605 156 2645 suum
169 2587 282 2647 bonum
303 2588 468 2647 ostirnaret.
891 2644 894 2651 .

108 2666 167 2726 llle
180 2688 260 2727 emor
269 2669 314 2726 sui
328 2668 514 2729 inordinatus
527 2688 559 2727 se
572 2666 714 2726 diffundit
726 2686 781 2746 per
793 2675 854 2725 tres
867 2665 947 2724 rivos
957 2683 1010 2724 seu

64 2759 257 2826 peccatorum
271 2768 382 2815 causas,
410 2769 483 2828 quas
497 2746 637 2826 exprimit
652 2747 681 2807 S.
699 2748 829 2808 Joannes
842 2744 966 2824 epistola
982 2754 1008 2804 l.

68 2848 133 2906 cop.
143 2837 176 2888 2.
186 2848 217 2886 v.
228 2827 274 2888 16.
288 2828 404 2888 dicens:
420 2837 440 2863 “
450 2829 558 2899 Omne,
568 2827 650 2907 quod
665 2837 710 2887 est
719 2826 751 2886 in
764 2825 887 2896 mundo,
900 2845 1010 2885 coneu-

68 2916 88 2944 “
101 2906 247 2987 piscentie
268 2909 364 2968 carnis
385 2919 439 2981 est,
474 2919 505 2968 et
526 2908 763 2989 conoupiscentia
789 2905 953 2977 oculorum,
980 2915 1011 2965 et

70 2997 89 3024 “
101 2988 241 3068 superbia
252 2989 346 3047 vitm¹¹
368 2989 479 3049 Tribus
489 2986 536 3048 his
549 2988 646 3049 modis
658 2997 788 3047 tentatus
801 2986 860 3046 fuit
874 2985 1011 3046 Christus

70 3068 217 3128 Dominus
231 3068 340 3128 Matth.
360 3089 425 3147 cap.
440 3077 468 3129 4.

109 3148 164 3208 lv.
178 3148 276 3208 Docet
286 3148 315 3208 S.
327 3149 435 3209 Thom.
449 3159 552 3229 quest
567 3156 615 3218 75.
630 3158 685 3208 ort.
699 3156 728 3209 4.
742 3147 822 3227 quod
836 3165 929 3206 unum
939 3164 1008 3223 pec·

72 3238 167 3289 utum
181 3228 275 3307 possit
288 3248 352 3289 esse
366 3249 455 3289 causo
467 3230 589 3290 alterius
597 3227 758 3289 secundum
772 3238 900 3308 quatuor
908 3245 1010 3285 causa-

70 3326 135 3369 rum
175 3328 283 3369 onera:

108 3328 216 3449 ltier
230 3390 352 3450 modum
363 3410 456 3450 cousoe
471 3388 633 3467 efficientis,
658 3388 750 3468 idque
764 3386 933 3466 dupliciter,
947 3404 1009 3443 uno

70 3466 157 3529 modo
168 3488 225 3549 per
237 3469 385 3542 accidens,
412 3471 489 3530 sicut
511 3488 666 3529 removens
679 3467 851 3547 prohibens,
868 3465 1011 3545 quatenus

70 3559 202 3611 movet
209 3549 344 3629 gratiam,
350 3550 569 3621 verecundiam,
576 3548 817 3627 aliaveipecouto
823 3545 1017 3606 retrahentiar

71 3628 126 3691 uio
138 3630 230 3691 modo
237 3650 292 3711 per
300 3650 342 3702 se,
349 3630 527 3711 inquantum
538 3650 575 3691 ex
584 3648 644 3693 uno
653 3640 721 3692 ectu
731 3627 843 3709 peccat
855 3637 1013 3688 causantur
