2152 4066
110 99 180 165 212
439 142 442 147 -
489 118 691 166 mornaco

112 276 312 335 “conrenrnr,
339 264 455 334 electio,
479 264 703 344 complacentia,
728 262 912 324 desiderium
932 272 964 323 et
983 254 1075 327 troi-⁵

115 350 214 407 “tio-'⁹

153 426 326 486 Notandum
335 435 445 495 tamen,
458 426 605 504 potentiae
618 426 785 486 intellectto
798 434 830 484 et
842 422 1006 486 voluntatis
1015 428 1051 489 in
1073 491 1075 498 ,

114 527 177 567 eoae
190 526 346 575 connexas,
374 514 408 563 ut
420 504 459 563 ad
472 519 574 566 actum
588 506 673 565 unius
688 509 764 584 aaept
779 515 938 565 concurrat
950 508 1051 584 portia·

114 589 182 647 liter
203 588 252 647 vel
275 584 521 666 praesuppositivd
544 599 628 648 actua
649 586 770 647 alteriue
790 586 945 664 potentiae,
966 596 997 645 ot
1016 590 1075 663 iu.

113 669 220 729 electio
232 688 260 726 v.
272 688 300 745 g.
316 677 347 725 et
360 665 514 725 consilium
527 678 651 745 possunt
664 667 723 726 diei
737 667 894 745 utriusque
905 668 1051 743 potantia
1068 678 1075 691 '

116 749 194 808 Vide
209 750 238 809 S.
250 747 307 806 Th.
325 753 393 806 1.2.
409 757 512 822 quast.
529 755 574 816 14,
589 758 643 806 art
658 757 684 808 1.
699 747 738 805 ad
754 757 780 808 l.
951 772 955 777 ·

157 831 170 888 l
175 831 212 888 X.
234 826 378 887 Memoria
392 836 437 885 est
449 827 495 885 vis
504 839 717 904 repraesentans
730 839 799 887 ante
812 825 942 903 cognitu.
984 827 1050 889 Dm·

114 909 286 969 memoriam
305 905 526 977 intellectivam,
548 926 615 984 quae
628 927 728 967 rerum
741 928 796 987 per
806 906 992 966 intellectum
1005 926 1051 987 ap

115 990 328 1070 prehensurum
353 987 533 1058 recordetur,
557 987 596 1046 de
616 989 675 1047 fide
694 1000 748 1058 ert,
768 987 867 1066 inquit
880 984 1006 1063 Sylvius
1026 988 1075 1047 in¹¹

115 1071 243 1149 primam
266 1078 381 1146 partem
401 1078 506 1143 quaest.
520 1074 570 1138 79.
584 1079 639 1127 art.
650 1069 680 1129 6.
694 1087 776 1128 conc.
788 1077 817 1128 t.
831 1069 899 1126 clun
924 1065 1055 1129 hominen

114 1162 184 1231 poet
200 1160 326 1207 mortem
345 1148 534 1204 meminerint
546 1168 659 1220 eorum,
680 1167 748 1226 quae
760 1148 810 1207 hic
822 1157 991 1225 gesserunt,
1015 1150 1054 1207 oti

115 1240 198 1310 patet
212 1249 249 1288 ex
263 1229 331 1305 Sap.
343 1245 407 1303 cap.
419 1234 448 1285 5.
462 1248 490 1284 v.
501 1235 529 1287 3.
545 1239 576 1287 et
589 1229 680 1288 Luoae
692 1247 756 1306 cop.
768 1236 814 1289 18.
828 1228 859 1285 in
869 1224 966 1285 divite
979 1247 1049 1307 epu.

115 1313 193 1373 lone.

156 1391 239 1465 Quid
252 1387 637 1464 eatappetituanuturalio?
1073 1456 1075 1461 ,

156 1474 195 1531 Χ.
216 1473 251 1530 R.
266 1471 322 1528 Est
333 1467 477 1525 naturalia
486 1468 639 1528 inclinatio
651 1469 695 1528 rei
708 1469 739 1526 in
753 1470 865 1530 bonum
879 1466 929 1529 oui
940 1471 1057 1548 perseo-
1066 1520 1074 1539 ,,

114 1555 220 1621 tivum,
234 1549 328 1609 indita
336 1547 375 1604 ab
385 1547 508 1607 authore
518 1559 630 1608 naturae
641 1550 803 1628 unicuique
811 1551 853 1609 rei
864 1551 982 1629 absque
991 1570 1051 1629 pro
1062 1568 1074 1587 ²

113 1636 180 1713 pria
190 1629 366 1709 cognitione.
407 1628 502 1687 Motio
514 1630 595 1688 illius
608 1631 760 1709 appetitus
769 1641 892 1690 vocetur
901 1631 1050 1693 instinctor

115 1725 237 1772 natur-m.

157 1794 205 1850 De
215 1791 320 1851 nnimoe
328 1787 470 1865 potentiis
483 1791 548 1849 fust
562 1791 625 1868 agit
634 1792 664 1853 S.
676 1790 785 1850 Thom.
799 1799 823 1850 l.
834 1794 944 1869 portel
955 1805 1045 1871 quest
1060 1848 1063 1857 ,

117 1882 163 1942 77·
174 1873 211 1931 ad
223 1878 271 1942 90.
283 1869 358 1928 etde
369 1868 655 1929 actibusvoluntatis
671 1879 726 1931 na
747 1871 883 1949 tquan.
898 1881 945 1932 ιι.
957 1872 995 1930 ad
1006 1881 1040 1935 n.
1059 1860 1066 1887 l

117 1956 179 2012 Nor
192 1951 323 2012 brevitor
335 1945 451 2007 tontdm
464 1950 578 2028 aliquid
591 1951 724 2010 dicemur
738 1959 758 1987 “
769 1951 808 2010 de
822 1953 1016 2016 Intentione.''
1057 2004 1064 2011 ..

343 2110 383 2168 N.
396 2117 444 2169 51.
467 2111 524 2169 DE
541 2111 825 2172 INTENTIONE.

385 2269 416 2328 S.
436 2269 533 2330 Tlrom.
550 2281 576 2330 1.
588 2280 616 2331 2.
638 2281 735 2350 quoert.
752 2281 796 2334 12.

118 2437 143 2496 l.
158 2429 288 2502 Intentio,
330 2431 371 2489 ll.
392 2428 529 2502 Arruntis,
572 2432 633 2492 lll.
652 2432 798 2505 Virtuolr'r,
840 2434 894 2492 IV.
913 2434 952 2493 Er
975 2424 1069 2492 tatt'

323 2508 419 2568 luolit.
461 2509 499 2567 V.
513 2510 695 2590 Explicitum
708 2514 857 2594 implicita.
1059 2516 1062 2521 '

158 2674 267 2748 QUID
282 2681 327 2730 est
340 2671 487 2730 intentio?

160 2756 183 2812 1.
206 2755 241 2813 R.
256 2754 310 2811 Est
323 2762 406 2812 octus
428 2750 585 2810 uoluntatis
604 2753 752 2813 tendentia
768 2756 800 2814 in
820 2755 908 2816 finem
927 2755 1047 2833 aliquem

117 2854 172 2913 per
186 2833 284 2891 media
297 2832 523 2909 assequendum,
544 2831 607 2891 sive
627 2844 672 2893 est
690 2846 774 2894 actus
786 2835 949 2896 voluntatis
968 2834 1046 2914 qnid·

119 2934 209 2993 quam
222 2914 319 2971 facere
332 2912 531 2991 proponentis.

162 2992 332 3072 Quotuplex
346 2993 385 3051 rit
398 2993 531 3063 intentio,
545 2991 674 3051 traditur
686 2994 717 3052 in
730 3005 857 3055 tractatu
870 2995 909 3055 de
923 3005 945 3030 “
955 2997 1049 3055 Sacru-

120 3085 140 3111 “
153 3073 262 3133 mentis
271 3076 302 3131 in
311 3092 419 3149 genere
432 3076 459 3142 ;''
473 3092 581 3150 nempe
594 3084 639 3131 est
651 3074 760 3152 triplex
773 3095 810 3135 ex
824 3087 909 3154 parte
922 3076 1050 3154 subjecti,

120 3155 232 3214 scilicet
245 3161 265 3188 “
276 3152 407 3221 actualis,
422 3152 558 3211 virtualis
574 3164 605 3211 et
617 3153 804 3226 habitualir‚”
818 3157 929 3234 quibus
944 3156 1052 3215 Neereu

120 3248 150 3294 et
166 3234 289 3294 Polman
302 3231 417 3290 addunt
430 3239 450 3266 “
461 3232 743 3310 interpretativum.”

162 3316 203 3374 ll.
227 3312 361 3373 Actualis
375 3322 419 3371 est
430 3332 559 3390 praesena
573 3323 603 3371 et
615 3332 753 3391 expressa
766 3314 870 3375 volitio
882 3315 961 3375 finis.

163 3395 223 3455 Ill.
245 3394 384 3452 Virtualis
397 3404 443 3451 est
456 3413 499 3464 ea,
514 3412 581 3470 quae
595 3394 705 3453 virtute
718 3395 840 3455 actualis
850 3396 1055 3475 praehabitoeet

119 3498 180 3539 non
192 3476 366 3552 interruptae
378 3484 547 3550 perseverat
560 3484 590 3531 et
603 3473 707 3551 dirigit
725 3474 879 3535 actionem.
922 3476 1056 3547 Proinde,

117 3573 152 3620 ut
165 3554 290 3614 intentio
303 3555 341 3613 sit
353 3553 498 3623 virtualis,
512 3553 602 3612 debet
613 3557 797 3632 praecessisse
809 3557 942 3617 actualia.

161 3639 213 3696 lV.
235 3634 365 3693 Intentio
378 3633 538 3693 habitualis
552 3645 597 3692 est
609 3634 661 3694 illa
673 3652 739 3713 quae
749 3637 807 3696 suit
819 3646 889 3697 actu
902 3636 1010 3709 elicito,
1029 3644 1058 3695 ct

119 3738 179 3777 non
192 3724 358 3784 retractata,
379 3713 432 3772 sed
444 3726 543 3774 tamen
557 3714 732 3796 interrupta,
752 3717 796 3778 oio
807 3727 843 3778 ut
855 3736 912 3779 noo
925 3728 993 3781 ectu
1006 3734 1063 3777 noe

121 3800 231 3857 virtute
243 3805 420 3874 perseveret.
