2152 4066
386 120 432 165 aa
449 116 695 166 'conseminia
947 100 1013 169 397

7 261 218 327 iu'atruere
228 266 337 338 debet3
360 262 442 346 quia,
464 268 609 346 quantdm
632 266 664 326 in
678 284 710 325 se
722 272 778 333 est,
798 272 918 323 tenetur
931 264 949 324 d
963 286 1016 326 suo

7 348 235 423 puniente
255 358 389 406 avertere
402 348 586 407 occasionem
600 346 754 426 peccandi.

74 426 151 487 lv.
162 428 194 487 Si
205 428 354 506 poenitens
366 424 531 506 interroget
545 428 763 488 confessarium
773 446 812 484 an
825 426 902 484 aetio
916 426 1016 505 aliqua

8 502 110 567 nit
120 507 181 586 ipsi
193 507 285 578 licita,
299 518 417 566 tenetur
429 509 632 568 confessarius
641 528 695 587 per
710 527 741 566 se
754 506 904 584 loquendo
915 508 1015 566 dicere

8 587 246 647 veritam:
260 587 332 666 quis
342 586 535 666 interrogatio
548 589 605 647 ista
616 588 738 658 indicat,
752 588 946 664 poenitentem
959 587 1015 646 du·

8 658 175 727 bitare.
218 667 337 727 Deinde
349 668 406 727 hoc
420 669 631 747 exigitmunus
645 667 823 728 confessarii
833 671 892 745 qui
902 669 1014 727 Docto·

8 740 131 821 2393
144 748 234 807 cu’us
247 758 292 809 est
302 748 452 807 instruere
461 769 510 807 eos
523 750 700 843 presertim,
712 748 765 826 qui
776 748 884 806 instrui
896 758 1014 825 petunt

100 768 196 888 necti
210 842 311 888 tamen
319 828 457 889 observat
467 831 633 907 Prernguez
644 825 862 889 attendendum
877 829 1013 905 aliquan-

8 890 105 967 do
130 908 248 967 essead
271 908 392 979 motiva,
417 909 688 988 quibuspoenitens
710 908 748 966 ad
770 907 1014 983 interrogandum

9 998 224 1049 ureretur:
237 989 262 1048 si
273 989 350 1067 enim
361 990 420 1048 sint
428 990 510 1048 nulla
520 1001 572 1048 aut
581 988 811 1069 impertinentia,
821 988 929 1064 poterit
938 990 1015 1046 Con·

11 1062 210 1128 fumarius
222 1070 262 1128 ad
275 1068 413 1133 eritanda
431 1071 545 1148 majora
564 1069 643 1129 mala
655 1088 832 1147 responsum
843 1067 993 1126 declinare
1004 1093 1014 1140 3

104 1146 276 1209 indubium
290 1149 354 1208 aine
365 1150 495 1220 motivis,
510 1170 571 1209 non
582 1149 719 1219 dubium,
734 1148 787 1207 sed
797 1147 956 1225 scrupulus
970 1162 1016 1208 est

83 1227 216 1289 'oenum
228 1253 237 1289 ε
251 1230 294 1289 sic
311 1250 340 1288 v.
356 1250 386 1308 g.
400 1231 425 1288 si
439 1230 643 1289 Confessarius
657 1231 735 1288 inter
749 1228 947 1288 confitendum
962 1229 1015 1288 de-

23 1314 162 1387 ngat,
175 1311 398 1369 matrimonium
410 1312 584 1389 poenitentis
597 1330 660 1369 esse
682 1309 849 1369 invalidum
866 1311 905 1369 ob
919 1310 959 1368 im
984 1331 1015 1369 e-

33 1386 237 1471 dimentum
251 1390 402 1459 dirimens,
416 1392 537 1449 omnino
547 1391 704 1463 celandum
716 1392 754 1448 ob
765 1389 902 1467 graviora
915 1330 992 1449 malit
1003 1416 1013 1463 ;

33 1478 94 1547 ot
105 1472 262 1549 poenitens
275 1471 308 1528 in
320 1470 379 1530 lina
393 1471 585 1530 confessionis
599 1471 689 1542 dicat,
711 1491 742 1531 se
755 1471 825 1548 angi
840 1470 918 1529 circa
932 1472 1013 1529 vaio-

10 1554 133 1611 ‘fflom
145 1550 195 1611 'eui
206 1551 384 1610 matrimonii
395 1574 405 1623 3
419 1563 502 1629 petet
510 1552 714 1619 confessarius,
730 1570 821 1630 quare
836 1550 974 1610 dubitet:
988 1553 1014 1610 si

45 1627 145 1689 ‘nihil
157 1630 288 1709 allegare
309 1631 405 1709 possit
417 1630 475 1689 nisi
488 1650 584 1690 unum
598 1639 619 1665 “
632 1632 760 1701 nescio,''
774 1630 822 1688 vel
836 1630 936 1707 aliqua
950 1652 1013 1689 om·

53 1708 141 1771 atino
163 1712 394 1789 impertinentia,
417 1711 620 1771 Confessarius
645 1710 824 1769 matrimonii
845 1711 1013 1769 nullitatem

60 1788 221 1850 declarare
233 1810 294 1849 non
307 1802 426 1870 potest:
445 1792 498 1850 sed
517 1792 697 1870 respondere
710 1792 808 1859 debet,
828 1791 909 1866 quod
922 1792 1012 1850 ratio-

60 1888 121 1931 nes
133 1871 196 1930 illae
210 1873 269 1931 sint
280 1872 395 1931 nulline
408 1873 571 1932 momenti:
586 1872 735 1931 neminem
749 1871 819 1931 vero
828 1871 892 1928 sine
904 1872 1012 1930 suffici-

62 1951 258 2012 androtione
272 1952 450 2033 angiposse.
854 1994 857 1999 -

105 2032 146 2090 V.
163 2033 195 2090 Si
208 2034 356 2111 poenitens
369 2034 484 2093 laboret
496 2033 674 2095 conscientia
688 2031 868 2089 vincibiliter
881 2034 1013 2104 erronei,

63 2132 136 2191 quae
146 2113 187 2172 ait
195 2114 254 2192 ipsi
261 2114 424 2172 mortaliter
435 2115 522 2186 mala,
531 2125 650 2175 tenetur
661 2112 858 2171 confessarius
878 2113 1014 2189 ‘regula-

68 2200 79 2227 ⁸
93 2193 185 2252 riter’
198 2195 297 2271 ipsum
307 2196 454 2253 instruere
457 2218 467 2266 3
481 2196 552 2274 quia
565 2206 706 2272 tanquam
720 2193 834 2250 Doctor
842 2202 873 2249 et
881 2192 1015 2251 medicus

68 2270 163 2333 debet
170 2294 339 2353 praecavere
344 2274 634 2354 lapsuspoenitentis,
642 2284 673 2333 et
679 2273 826 2330 instruere
833 2272 1013 2349 ignorantes.

109 2353 238 2433 Dictum
252 2366 297 2414 est
310 2362 331 2389 “
344 2356 521 2434 regulariter
532 2357 560 2428 ;''
574 2355 645 2434 quia
656 2354 681 2411 si
693 2353 796 2415 nullus
809 2372 846 2410 ex
860 2353 1012 2411 instructi-

69 2452 126 2493 one
140 2425 258 2495 l’mctus
269 2448 413 2514 speretur,
428 2436 480 2495 sed
492 2440 508 2495 ὲ
519 2447 622 2495 contra
633 2432 746 2511 majora
755 2432 833 2489 mala
843 2432 1013 2504 timeantur,

69 2524 172 2593 posset
192 2536 248 2594 pro
267 2526 401 2593 tempore
423 2515 554 2594 relinqui
573 2517 605 2574 in
628 2515 685 2572 ista
706 2512 895 2580 conscientia,
918 2512 1014 2572 donec

69 2594 176 2654 melior
188 2596 394 2674 opportunitas
403 2602 556 2658 occurrat:
571 2596 623 2655 sed
631 2596 744 2653 interea
756 2612 817 2675 non
827 2602 905 2675 esset
913 2592 1011 2653 absol-

70 2674 195 2738 vendus.
730 2716 734 2723 -

109 2754 168 2816 vl.
191 2757 223 2817 Si
237 2757 414 2818 conscientia
427 2760 464 2820 sit
474 2758 684 2837 invincibiliter
701 2774 832 2826 erronea,
846 2755 896 2814 vel
910 2754 1014 2814 saltem

70 2854 131 2895 non
151 2837 209 2896 nisi
229 2839 345 2898 veniale
363 2852 519 2918 peccatum
540 2840 706 2909 contineat3
726 2848 791 2896 tum
809 2835 859 2895 vel
879 2848 925 2895 est
945 2854 1013 2914 spes

11 2948 17 2955 ·
70 2916 295 2989 emendationis,
316 2940 417 2999 neque
439 2922 576 2999 graviora
594 2921 738 2979 timentur
761 2916 958 3001 incommoda,
983 2926 1014 2972 et

12 3018 17 3027 ·
70 2996 122 3056 tali
135 3012 208 3057 casu
226 3001 375 3078 poenitens
392 3012 438 3061 est
458 2999 670 3072 instruendus3
691 2998 762 3077 quia
781 2998 871 3055 etiam
890 3005 1013 3074 peccata

68 3079 233 3139 materialia
245 3082 344 3141 caveri
358 3081 476 3141 debent

12 3164 22 3189 '
95 3157 169 3219 -Vel
191 3181 253 3219 non
272 3171 318 3220 est
330 3182 399 3241 spes
419 3161 643 3232 emendationis,
664 3170 717 3219 aut
729 3158 868 3237 graviora
882 3157 959 3216 mala
973 3156 1012 3215 ti-

12 3250 20 3279 “·
69 3248 208 3301 utentur:
219 3253 249 3301 et
260 3243 319 3302 hoc
327 3262 397 3303 casu
408 3243 557 3322 quidquid
568 3241 750 3301 contradicat
760 3238 901 3309 Concina,
915 3235 1013 3316 poeni·

12 3324 20 3359 Ε
68 3328 136 3381 tena'
148 3322 326 3400 regulariter
338 3334 456 3384 nonest
468 3322 645 3394 monendus,
657 3320 728 3400 quia
740 3339 828 3379 nemo
841 3328 960 3377 tenetur
973 3315 1012 3375 ad

67 3410 155 3459 actus
168 3401 289 3462 inutiles
302 3416 355 3464 aut
368 3405 481 3464 noxios.

70 3494 74 3505 ·
108 3480 236 3542 Dictum
250 3493 295 3543 est
313 3474 421 3563 iterim
443 3492 465 3521 “
477 3484 688 3563 regulariter:”
714 3480 946 3561 quiapoenitens
957 3478 1012 3536 ali-

67 3554 426 3645 quandompnerideliet,
441 3564 497 3625 etsi
509 3564 613 3623 nullus
622 3566 719 3623 bonus
731 3560 855 3621 affectus
869 3581 905 3619 ex
916 3559 1012 3618 moni-

66 3639 151 3701 tione
157 3654 296 3721 'speretur
306 3656 361 3718 ;·ut
373 3648 398 3704 si
411 3648 530 3725 ignoret
539 3644 656 3706 creditu
665 3642 830 3702 necessaria
837 3640 1012 3700 necessitate

60 3722 164 3791 ”edit
176 3725 484 3804 etiuillar'gnorantia
491 3729 634 3788 timeatur
643 3724 820 3795 moriturus,
831 3722 1021 3798 siiltaignos

50 3799 149 3855 rantr‘a
163 3815 271 3879 vergat
281 3805 315 3864 in
330 3808 481 3870 damnum
495 3811 573 3871 boni
588 3808 774 3883 communis,
790 3818 848 3869 aut
858 3800 1047 3867 scandatum

86 3872 188 3934 Tract.
203 3882 241 3938 de
258 3882 459 3956 Conscientia.
507 3903 527 3957 2
552 3915 580 3958 tt
