2160 4072
74 105 118 173 68
457 124 658 173 cancarrus

103 272 127 330 l.
140 271 485 332 PRAENOTANDUM
495 269 538 330 1⁰.
546 271 740 349 quaestionem
750 270 955 350 essedepraed

81 351 200 410 natione
213 351 394 422 adultorum,
417 370 478 409 non
499 351 694 430 parvulorum
708 363 776 428 post
790 352 944 429 Baptisma

82 451 169 491 usum
183 431 305 492 rationis
318 431 506 490 morientium
515 454 526 503 ς
539 431 619 510 quia,
631 431 699 490 crlm
710 450 771 488 non
780 431 911 490 habeant
983 433 990 447 '

80 512 212 590 propria,
227 513 349 572 evidens
368 521 413 570 est
425 510 480 571 hos
494 531 531 570 ex
547 511 617 571 solis
631 511 743 571 Christi
755 512 871 570 meritis
893 531 931 591 pr

80 593 178 651 tinari.

121 673 165 733 2⁰.
181 672 474 732 Praedestinationem
487 671 526 730 ad
536 672 663 750 gloriam
673 671 833 749 dupliciter
844 674 924 731 cons'

79 773 177 832 posse,
191 753 224 811 in
237 753 342 811 ordine
355 751 468 812 scilicet
481 752 663 822 intentionis,
685 761 716 810 et
729 753 761 809 iu
774 753 880 810 ordine
893 771 984 811 execu

81 835 155 892 onis.
197 835 318 892 Certum
331 844 385 902 est,
410 831 497 910 juxta
509 852 622 902 omnes,
635 829 925 910 predestinationem
938 830 1020 891 ardul-¹

83 928 181 972 torum
209 912 247 971 ad
274 911 400 989 gloriam
426 913 459 970 in
485 913 658 972 executione
689 912 821 990 pendere
847 934 885 972 ex
911 910 1020 975 meritis

82 994 220 1064 hominis,
232 991 298 1051 crim
309 994 396 1051 detur
405 993 501 1071 gloria
511 1003 653 1071 tanquam
662 1013 775 1052 merces
785 1014 796 1052 t
810 995 910 1070 agitur
922 992 1020 1070 itaque

83 1076 121 1133 de
142 1073 400 1151 praedestinatione
420 1074 453 1131 in
474 1072 579 1132 ordine
600 1073 782 1143 intentionis,
797 1072 897 1131 utnlm
912 1072 1020 1133 scilicet

83 1155 168 1215 Deus
189 1154 356 1212 decreverit
380 1153 494 1211 homiui
514 1153 639 1230 gloriam
663 1164 731 1212 ante
747 1154 793 1211 vel
808 1165 877 1231 post
899 1153 1020 1239 pruriat

84 1235 148 1312 ejus
161 1233 267 1292 merita
279 1233 514 1311 supernaturalia
525 1234 659 1292 absolute
673 1235 783 1292 lutura
1016 1260 1020 1267 ·

125 1314 266 1374 Sublimis
278 1314 342 1373 hoc
356 1314 481 1391 quaestio
492 1311 619 1371 multllm
633 1314 762 1391 agitatur
772 1313 850 1373 inter
862 1298 1020 1391 discipulod¹

86 1395 115 1454 S.
138 1394 302 1472 Augustini
327 1404 356 1452 et
381 1395 412 1453 S.
439 1393 562 1452 Thomae
584 1395 622 1453 ab
644 1399 704 1452 unt
728 1405 824 1471 parte,
849 1404 880 1453 et
903 1392 1020 1471 Moliusj

85 1475 209 1534 asseclas
222 1477 260 1533 ab
273 1475 377 1533 alteri.
1017 1476 1020 1517 l

124 1556 234 1632 Agitur
248 1565 348 1613 autem
361 1554 400 1612 de
409 1553 515 1613 ordine
523 1554 711 1613 decretorum
726 1554 785 1613 Dei
799 1574 835 1612 ex
849 1565 936 1632 parte
948 1546 1009 1612 voli·¹

84 1647 192 1704 torum,
203 1646 304 1693 nostro
316 1622 505 1711 concipiendi
517 1634 616 1705 modo,
630 1648 662 1693 ut
671 1645 754 1692 notat
769 1634 800 1692 S.
815 1636 923 1692 Thom.
936 1640 1006 1693 ott

126 1715 168 1773 ΙΙ.
178 1714 338 1773 Molinistae
349 1724 484 1772 statuunt
492 1713 574 1773 hunc
583 1715 727 1774 ordinem:
734 1713 815 1793 qudd
823 1733 931 1791 nempe
942 1712 1020 1791 nas}

84 1794 338 1854 indiscriminatim
348 1793 1007 1872 omnibusdecreveritdaregratiassufficientet
1018 1814 1020 1821 ·

84 1875 123 1933 ad
136 1875 271 1944 salutem,
286 1873 429 1952 qnodque
441 1873 563 1933 instanti
575 1875 697 1934 rationis
710 1874 847 1953 sequenti
859 1895 914 1952 per
927 1874 1007 1934 scien-

84 1956 156 2015 tiam
164 1954 293 2013 mediam
302 1954 412 2024 videat,
420 1954 542 2032 quinam
551 1955 648 2032 gratit
656 1957 732 2014 bene
743 1956 802 2013 sint
812 1956 907 2026 usuri,
915 1967 945 2015 et
953 1973 1007 2032 per·

85 2036 257 2107 reueratori,
272 2054 307 2093 ac
320 2055 371 2094 eos
384 2055 445 2112 prae
459 2034 524 2094 aliis
538 2047 611 2094 tunc
624 2036 664 2095 ad
676 2036 802 2114 gloriam
812 2035 1006 2112 praedestinet:

86 2117 194 2174 docent
204 2115 597 2193 itaquepraedestinstionem
602 2112 770 2194 ad'gloriam
780 2135 843 2173 esse
851 2114 1010 2193 expraevisis

86 2195 200 2254 meritis
208 2196 389 2273 pergratiam
394 2195 551 2273 ponendis,
559 2194 1009 2273 quamvisdicantpraedestinsti·

89 2296 175 2334 onem
183 2276 221 2334 ad
226 2277 349 2352 gratiam
358 2295 484 2334 nonesse
492 2295 530 2334 ex
538 2277 660 2348 meritis,
672 2277 1011 2352 sedomninograuinn

129 2356 189 2415 Ill.
211 2356 273 2415 Alii
287 2355 456 2425 Molinistae,
479 2356 552 2415 dicti
566 2357 760 2434 Congruistae,
780 2355 878 2433 positi
902 2357 933 2414 in
956 2357 1020 2435 Deo¹

87 2434 239 2496 voluntate
252 2435 343 2495 dandi
357 2436 495 2495 omnibus
508 2436 618 2514 gratias
632 2437 808 2495 sufficientes
827 2436 866 2495 ad
888 2437 1011 2504 salutem,

87 2518 200 2587 dicunt,
207 2516 287 2594 quid
296 2516 380 2575 Deus
388 2536 442 2594 per
452 2515 604 2575 scientiam
614 2517 742 2576 mediam
753 2516 863 2584 videat,
875 2514 1014 2595 quomodo

85 2597 214 2676 quisque
226 2597 321 2676 gratid
335 2607 477 2666 uteretur,
499 2596 524 2655 si
538 2599 569 2655 in
582 2596 639 2668 his,
654 2597 703 2656 vel
712 2596 744 2653 in
757 2597 817 2654 illis
832 2598 1014 2656 circumstat·

88 2678 137 2735 tiis
150 2690 310 2755 poneretur
318 2700 328 2749 ;
352 2685 411 2754 qut
422 2677 544 2736 scientit
556 2677 747 2736 conditionali
761 2677 864 2754 posita,
881 2678 1015 2756 quosdam

87 2778 144 2835 pro
167 2778 221 2816 suo
243 2757 429 2836 beneplacito
443 2768 474 2815 et
492 2758 612 2834 speciali
624 2757 828 2816 misericordiir
841 2757 936 2835 eligit,
951 2775 1016 2835 quos

87 2839 191 2897 statuit
204 2838 233 2895 in
247 2836 307 2896 illis
320 2837 548 2896 circumstantiis
559 2858 680 2915 ponere,
701 2838 732 2895 in
747 2837 855 2914 quibus
868 2858 918 2896 eos
931 2837 1017 2916 grant

89 2921 280 2977 beneusuros
294 2927 325 2976 et
342 2928 580 2995 perseveraturos
602 2918 696 2989 videt,
720 2929 750 2976 et
771 2917 813 2976 sic
835 2921 877 2976 eis
901 2919 1017 2977 salutem

89 2999 223 3059 decernit
231 3021 240 3069 ;
254 2997 327 3057 alios
340 2997 409 3056 verd
425 2998 528 3056 statuit
540 3018 652 3076 ponere
671 2999 703 3056 in
725 2998 964 3068 circumstantiis,
977 2996 1019 3055 vel

89 3078 268 3156 relinquere,
278 3076 427 3155 inquibus
437 3097 487 3137 eos
497 3090 557 3136 uon
565 3079 644 3137 bene
653 3099 759 3137 usuros
770 3080 863 3156 gratii
874 3078 1020 3156 praevidit;

91 3161 192 3236 sicque
206 3179 255 3216 eos
269 3158 405 3236 negative
418 3159 567 3236 reprobat.

128 3243 224 3302 Juxta
234 3239 315 3297 hunc
327 3238 447 3299 dicendi
459 3239 577 3298 modam
589 3239 674 3298 Deus
686 3237 768 3316 priris
779 3238 912 3297 decrevit
921 3239 1020 3299 merita

89 3321 201 3400 gratia,
223 3331 377 3378 eteorum
389 3318 501 3377 intuitu
513 3319 657 3397 gloriam
682 3320 783 3395 sicque
806 3319 1020 3396 praedestinatio

90 3402 129 3461 sd
142 3400 267 3480 gloriam
281 3400 370 3459 etiam
385 3411 476 3458 estex
490 3399 625 3476 praevisis
639 3399 751 3457 meritis
759 3421 769 3469 ;
784 3398 884 3458 differt
896 3411 996 3459 tamen
1008 3399 1020 3457 i

90 3483 188 3559 primo
200 3479 299 3549 modo,
319 3478 401 3557 quod
416 3478 528 3548 ,electio
551 3480 759 3538 salvandorum
785 3480 822 3538 sit
844 3499 881 3536 ex
900 3481 1020 3558 gratuita

96 3561 152 3620 Dei
166 3560 329 3629 voluntate,
353 3570 384 3618 et
395 3579 457 3616 non
470 3578 508 3618 ex
528 3559 662 3637 praevisis
677 3558 781 3638 gratiae
794 3559 918 3630 meritis,
939 3558 1020 3639 pro'ul

94 3641 213 3701 volebat
225 3641 341 3717 primus
354 3639 470 3698 modus,

124 3723 144 3780 1
149 3721 181 3779 V.
206 3720 402 3780 communior
416 3719 566 3780 sententia
577 3719 676 3790 docet,
689 3718 784 3795 quod,
796 3719 949 3796 supposito
961 3740 1020 3796 pec·

58 3815 141 3863 *orto
154 3800 313 3881 originali,
334 3815 366 3866 et
380 3801 521 3884 praevisis
538 3799 657 3864 meritis
680 3797 810 3867 Christi,
822 3799 915 3855 bens
931 3799 1020 3853 intnn
