2160 4072
75 114 143 183 tot
456 131 659 179 ructatus

75 290 99 398 Z
109 302 173 343 non
181 290 315 388 captur,
337 279 442 341 confisi
453 278 570 358 aliquid
581 279 709 357 agbntn,
724 298 847 358 sempor
867 279 955 359 prnde

111 383 374 522 ²Xgimldlbrobabile
387 439 500 501 dicitnr
511 439 600 505 illud.
614 440 698 520 qnod
720 440 795 501 licet
808 460 873 501 non
896 442 955 502 sit<

77 524 189 584 falsum
201 535 255 584 aut
267 541 434 593 erroneum,
448 532 528 582 earet
537 532 640 581 tamen
650 523 845 601 mgummtis
853 522 955 583 lrabeat

79 603 380 665 verisimilitudinem.

151 764 194 826 N.
208 773 276 833 187·
317 763 377 824 DE
397 763 691 825 consolabili
713 762 955 824 PROBABILl

81 927 107 987 l.
129 923 568 1016 Noelieetsequioomiatiam
579 922 861 1015 ιιινὲρωὸιόἑὶιι
899 925 942 1015 il.

119 1003 591 1145 bttfflml‘dnflss
612 1003 726 1160 nn
771 1012 954 1173 0an

33 1210 37 1217 .
121 1159 342 1225 Sufflatus.
382 1163 456 1223 Vll.
480 1160 702 1223 Eeoonct'lit'ret
725 1160 871 1220 Βοηαω
887 1164 955 1222 Pom

120 1238 182 1300 dua.
222 1240 314 1303 Vlll.
335 1243 494 1305 Aratore-
536 1243 591 1302 1x.
607 1239 955 1320 Expropmitionibaada

122 1317 171 1381 tie.
211 1321 252 1382 X.
271 1322 444 1403 Explicatur
466 1321 566 1402 regida
599 1319 688 1382 'oriar
708 1318 853 1380 indubiis
873 1322 955 1380 melio

118 1399 244 1558 mitio
263 1401 444 1494 possidentis.
484 1403 541 1462 Xl.
569 1342 603 1462 pi
648 1399 796 1460 abilinam
820 1399 955 1480 improbat

200 1500 279 1541 nort.

122 1636 188 1696 AN
200 1639 381 1700 conscientia
392 1639 558 1720 probabilis
571 1650 617 1698 est
628 1648 695 1698 tuto
706 1636 822 1714 agendi
836 1637 952 1714 regulo,

82 1731 122 1771 an
130 1714 248 1777 licitum
257 1731 313 1792 est,
323 1721 452 1798 praetiob
461 1721 547 1800 sequi
556 1718 726 1798 opinionem
737 1717 837 1776 solium
851 1718 955 1796 probal

83 1792 291 1859 dehonestate
303 1800 438 1871 actium&
453 1801 581 1880 sepositi
594 1799 794 1860 necessitate?

124 1874 152 1934 I·
169 1878 204 1937 R.
232 1881 390 1942 Affirmant
411 1882 577 1959 generatim
609 1878 836 1939 Probabilistae:
860 1879 954 1938 sedh

83 1952 159 2016 ‹lum
172 1956 261 2037 longe
281 1963 466 2021 communior
489 1973 521 2022 et
542 1969 623 2021 certa
646 1972 692 2019 est
712 1960 866 2018 sententia
888 1979 955 2038 nega

87 2037 174 2096 Ratio
186 2051 241 2111 est,
262 2041 343 2117 qubd
356 2042 418 2102 sola
430 2041 625 2120 probabilitas
638 2061 700 2098 non
712 2041 811 2118 possit
825 2043 955 2118 praebere

84 2116 178 2176 relem
188 2120 397 2181 certitudinem
408 2123 445 2181 de
459 2125 612 2182 honestate
621 2120 763 2192 actionis3
779 2123 847 2180 cbm
863 2123 955 2179 nitatu

85 2200 236 2272 gumentis
248 2221 309 2261 non
322 2202 513 2263 afferentibus
527 2202 732 2262 certitudinem
746 2224 753 2259 ε
784 2202 926 2279 adeoque
944 2223 955 2259 a

85 2294 117 2332 sc
129 2279 253 2357 exponit
275 2283 410 2360 periculo
422 2284 526 2342 morali
539 2282 692 2361 peccandi,
720 2292 751 2340 et
774 2283 907 2359 proinde
920 2303 955 2360 pe

82 2354 167 2421 Hinc
192 2360 244 2437 qui
259 2362 385 2441 alicujus
398 2364 441 2422 rei
455 2365 546 2423 hebet
560 2361 768 2422 conscientiam
782 2363 880 2420 solbm
896 2365 955 2440 prol

83 2433 153 2508 lem,
165 2437 353 2505 idemfaeere
363 2444 460 2516 debet,
473 2464 508 2503 ac
520 2444 582 2513 ille,
591 2443 644 2521 qui
654 2442 745 2500 habet
755 2445 955 2501 conscientian

84 2516 170 2578 sitivi
180 2519 302 2583 dubiam
307 2547 316 2596 3
327 2523 461 2603 adeoque
472 2524 615 2584 veldebet
625 2524 663 2582 ab
671 2523 790 2600 agendo
801 2525 955 2591 abstinere¹

82 2596 224 2677 tingendi
237 2604 315 2663 adsit
324 2607 493 2678 necessitas,
507 2606 618 2683 eligere
628 2606 734 2673 tutius,
749 2614 783 2661 ut
797 2604 918 2661 dictum
934 2623 955 2661 ea

124 2758 184 2819 Sed
197 2765 345 2843 numquid
362 2767 563 2828 Probabilistoe
577 2765 664 2827 etiam
677 2784 739 2822 non
758 2764 925 2841 requirunt
937 2784 955 2821 n

85 2835 145 2896 lem
159 2845 366 2906 certitudinem
381 2848 584 2910 dehonestate
597 2845 743 2907 actionis?

123 2918 167 2977 ll·
183 2923 217 2982 R.
232 2927 426 2999 Affirmative,
454 2928 558 2989 saltem
571 2927 749 2988 recentiores
763 2935 799 2983 ut
816 2925 955 2983 Ferullus

80 2995 182 3072 Croix,
196 3014 252 3066 etc.
268 3007 372 3067 dicunt
386 3007 464 3067 enim
478 3009 615 3069 illicitum
630 3027 702 3076 esse,
717 3006 749 3062 in
767 3005 857 3081 praxi
871 3003 955 3081 sequi

82 3079 201 3141 nionem
215 3089 400 3163 probabilem
421 3088 565 3166 quatenns
587 3089 693 3158 talem3
722 3085 775 3144 sed
789 3097 955 3162 operantes

81 3158 152 3220 bere
164 3165 292 3225 formare
301 3167 451 3245 judicium
465 3181 579 3229 certum
593 3169 631 3228 de
645 3169 797 3226 honestate
821 3186 883 3224 suae
899 3164 955 3224 acti

122 3243 160 3301 In
174 3264 234 3322 quo
247 3246 341 3323 igitur
353 3248 497 3309 differunt
510 3246 743 3309 Probabilistaeal
757 3246 869 3306 nobis?

122 3322 157 3379 R.
174 3325 211 3381 ln
235 3345 280 3398 oo,
295 3330 385 3405 qubd,
409 3328 478 3390 licet
501 3327 546 3388 illi
559 3328 712 3407 requirant
731 3327 885 3404 judicium
900 3345 955 3402 pru

78 3418 115 3457 ac
126 3405 256 3478 practica
267 3419 382 3467 certum
391 3409 430 3467 de
437 3410 590 3469 honestate
603 3407 735 3478 actionis,
742 3406 885 3483 equidem
898 3406 955 3463 doc

79 3478 156 3539 illud
163 3483 283 3545 formari
289 3509 375 3566 posse
385 3491 564 3569 exopinione
574 3491 652 3548 mere
657 3486 814 3565 probabili,
825 3506 889 3543 non
901 3487 955 3563 qui

79 3571 113 3617 ut
125 3562 219 3632 aiunt,
234 3567 413 3641 immediati,
427 3572 480 3630 sed
493 3570 640 3629 mediante
653 3568 803 3646 principio
816 3567 951 3627 reflexo:

79 3636 137 3697 boc
148 3665 156 3701 ε
170 3644 334 3717 “Qubdest
342 3651 523 3728 speculative
529 3650 692 3729 probabile,
703 3660 748 3706 est
754 3648 886 3725 practici
896 3657 955 3705 tuti

73 3720 122 3779 vel
134 3721 212 3788 boc:
244 3736 265 3765 “
276 3730 316 3790 In
330 3731 427 3793 dubio
439 3731 545 3791 melior
558 3741 605 3789 est
616 3728 748 3788 conditio
756 3728 955 3800 possidentis:

24 3828 26 3831 ·
64 3804 277 3876 “libertatem
290 3816 329 3891 ;”
355 3814 507 3878 aittlroc:
533 3816 555 3847 “
569 3810 644 3870 Len
654 3803 752 3862 ostiis
767 3805 896 3857 tamnen
915 3803 955 3855 en*
