2152 4066
396 120 442 165 DE
457 116 620 165 ANGRHS·

28 269 162 328 actiones
174 268 235 333 Dei
249 276 320 329 sunt
331 266 535 327 instantaneus.

66 349 205 423 Quidum
216 370 274 428 pro
287 346 414 426 Angelis
427 346 514 407 bonis
523 342 641 404 tantum
653 354 772 422 ponunt
785 342 847 404 duo
862 347 974 406 instan-

32 430 78 500 tia,
90 433 128 488 eb
152 430 238 509 quod
260 429 398 489 videatur
420 427 513 487 fuisse
533 425 636 484 eadem
649 424 728 484 actio
745 425 917 488 continuata
930 449 974 488 se·

35 510 123 573 modi
135 510 278 571 instantis
293 528 362 570 cum
372 507 488 568 actione
499 505 589 585 primi
600 506 745 565 instantis.

133 668 174 726 N.
196 674 246 731 82.
286 668 345 728 DE
368 665 563 727 PECCATO
585 662 869 726 ANGELORUM.

342 825 373 886 S.
391 823 489 886 Tlom.
502 832 600 904 quud.
614 823 663 885 63.

11 1034 24 1071 t,
70 986 96 1046 l.
111 985 245 1051 Primam
254 993 399 1067 promtam
410 983 647 1066 Angelorumjoit
660 982 803 1062 superbio.
830 988 872 1048 ll.
884 988 979 1068 Appe-

13 1126 16 1135 ,
81 1066 168 1127 munt
182 1089 241 1128 aare
249 1065 355 1127 similes
370 1064 440 1126 Deo.
482 1065 542 1131 111.
570 1064 641 1130 Quoe
656 1071 774 1143 peccato
792 1084 852 1126 erre
867 1072 978 1148 possint

11 1104 25 1219 l
72 1149 105 1204 iu
130 1144 309 1207 daemonibus.
351 1144 405 1206 lv.
438 1143 558 1219 Lucifer
583 1144 654 1204 ulios
679 1163 772 1204 sectam
791 1149 889 1207 trusit.
941 1153 977 1208 V.

18 1222 22 1247 '
72 1226 124 1287 Ex
150 1226 271 1305 molitu
293 1224 391 1285 ordine
413 1225 504 1306 aliqui
529 1223 699 1283 cecideruut.
747 1225 803 1286 Vl.
841 1226 964 1288 Homine

11 1330 15 1389 Ι·
73 1303 342 1365 beotiusrumautur
355 1305 506 1365 udoloros
523 1303 699 1380 Angelorum.
964 1334 969 1342 .

75 1464 301 1541 QUODNAM
314 1466 379 1541 ¹fuit
392 1464 523 1545 primum
537 1475 693 1542 peccatum
708 1463 919 1543 Angelorum?

77 1547 104 1606 l.
125 1544 162 1605 ll.
180 1546 349 1625 Superbia:
377 1546 419 1606 ita
441 1544 592 1625 colligitur
606 1565 643 1603 ex
668 1544 771 1604 Tobiae
793 1565 819 1606 c.
846 1555 873 1605 4.
888 1568 915 1605 v.
935 1557 980 1609 14.

40 1636 59 1663 ‘⁶
74 1627 111 1686 ln
125 1626 193 1704 ipsl
206 1625 305 1685 enim”
316 1624 483 1705 (superbit)
499 1634 517 1659 ‘·
533 1624 651 1683 initium
667 1626 793 1702 sumpsit
804 1628 900 1686 omnis
913 1650 982 1707 per-

42 1707 180 1766 “ditio.''
221 1707 263 1766 Et
290 1707 383 1767 Eccli.
407 1727 471 1785 cap.
496 1715 541 1766 10.
572 1725 601 1767 v.
633 1714 678 1767 15.
714 1706 866 1765 “-lnitium
887 1712 983 1772 omnis

43 1795 60 1823 “
72 1787 191 1866 peccati
205 1797 251 1846 est
264 1787 431 1866 superbiu.”

83 1870 242 1927 Peccatum
257 1867 338 1929 istud
348 1879 446 1927 ortum
459 1877 505 1925 est
518 1886 555 1926 ex
569 1866 732 1945 ignorantia
745 1865 802 1926 late
818 1867 907 1941 dicta,
923 1873 985 1934 sive

45 1968 78 2008 ex
91 1947 205 2008 anuali
218 1946 496 2017 inconsideratione,
506 1948 566 2026 qul
582 1947 649 2025 quis
663 1967 722 2005 non
736 1949 872 2019 attendit,
886 1970 985 2030 neque

45 2028 221 2098 cmrsiderat,
249 2048 318 2107 quae
342 2038 441 2107 posset
468 2039 497 2086 et
521 2027 643 2087 deberet
666 2028 860 2088 considerare.
902 2034 986 2095 Hinc

46 2121 142 2167 nmen
156 2129 219 2168 non
233 2109 367 2187 sequitur
381 2111 412 2167 iu
427 2107 554 2186 Angelo,
569 2120 726 2185 antequam
735 2120 880 2186 peccaret,
894 2113 986 2176 fuisse

10 2198 15 2245 i:
46 2189 173 2267 aliquem
188 2189 340 2249 defectum
359 2199 411 2249 aut
437 2189 643 2267 ignorantiam,
667 2189 736 2266 quia
749 2189 806 2249 ista
818 2190 985 2256 inconside-

10 2254 23 2355 ᾗ
46 2271 125 2342 ratio,
141 2280 251 2349 utpote
265 2268 441 2340 voluntaria,
456 2268 515 2327 fuit
524 2289 593 2347 pars
605 2268 693 2346 primi
704 2270 827 2347 peccati.

15 2386 23 2431 .·'
78 2350 117 2409 ln
133 2350 265 2429 quesita
277 2349 337 2409 fuit
350 2348 537 2429 Angelorum
552 2349 711 2428 superbia?

10 2434 17 2495 ζ
77 2431 124 2490 Il.
144 2433 172 2490 R
199 2449 278 2489 cum.
303 2430 334 2489 S.
358 2429 465 2489 Thom.
494 2441 548 2488 art
574 2438 602 2488 3.
628 2430 657 2486 in
683 2428 768 2508 Corp.
793 2430 823 2489 in
844 2440 987 2514 eo,qudd

46 2511 226 2591 appetierint
236 2530 298 2569 esse
313 2521 347 2568 ut
362 2511 455 2581 Deus,
466 2530 527 2568 non
541 2508 662 2588 quidem
677 2530 731 2587 per
744 2512 942 2589 aequalitatem
956 2520 988 2579 in

45 2594 158 2663 natura,
171 2591 232 2650 hoc
242 2591 320 2649 enim
330 2591 462 2649 sciebant
474 2611 536 2650 esse
547 2589 745 2669 impossibile:
759 2591 811 2650 sed
820 2612 874 2670 per
885 2597 988 2658 simili-

12 2710 25 2755 ·.=
44 2670 191 2741 tudinem,
202 2671 291 2749 juxta
314 2670 391 2729 illud
411 2671 496 2730 lsaiae
516 2690 579 2748 cap.
597 2678 642 2730 14.
657 2691 684 2729 v.
704 2678 749 2731 13.
793 2674 864 2730 “ln
880 2677 988 2739 coelum

15 2756 25 2813 '.·
44 2759 56 2785 ‘¹
70 2751 288 2822 conscendam,
304 2771 393 2830 super
406 2763 484 2811 astra
500 2752 557 2810 Dei
572 2750 708 2809 exaltabo
730 2751 836 2811 solium
858 2765 987 2827 meum,'²

19 2828 23 2859 ³
40 2833 78 2907 (v.
97 2835 168 2912 14.)
185 2831 321 2891 “similis
334 2852 385 2891 ero
399 2832 582 2890 Altissimo.''
605 2831 775 2891 Similitudo
796 2832 846 2891 illa
856 2835 944 2914 juxta
956 2842 987 2899 S.

9 2934 18 2981 ‚j
38 2910 150 2971 Thom.
167 2912 236 2973 loco
249 2912 340 2972 citato
354 2912 532 2971 consistebat
545 2912 575 2969 in
587 2931 631 2979 eo,
647 2911 726 2989 quud
736 2912 835 2990 potids
844 2917 989 2995 elegerint

9 2994 13 3001 '
36 2990 67 3049 in
77 2990 276 3053 beatitudine
289 2991 427 3063 naturali,
452 2991 564 3050 virtute
578 3012 641 3061 sua,
653 2991 821 3070 persistere,
846 3001 936 3074 quam
950 3001 989 3060 ad

35 3073 301 3151 supernaturalem
319 3073 376 3132 Dei
389 3073 485 3151 gratis
497 3072 662 3150 pervenire.

79 3153 146 3213 lll.
179 3155 277 3213 Docet
301 3154 330 3212 S.
357 3152 464 3213 Thom.
487 3152 567 3231 qudd
581 3152 612 3209 in
627 3151 811 3212 daemonibus
825 3159 988 3219 secundum

38 3232 195 3304 affectum,
207 3253 257 3290 seu
275 3232 447 3304 formaliter,
461 3231 575 3291 tantiam
590 3233 706 3310 possint
718 3252 781 3291 esse
794 3250 915 3312 peccata
930 3242 990 3319 spi.

39 3312 165 3371 ritualia
178 3338 186 3384 ;
213 3313 265 3371 sed
289 3311 452 3372 secunddm
474 3325 667 3371 reatum‘esse
680 3313 794 3390 possint
808 3319 906 3376 omnia
919 3341 989 3397 pec.

41 3404 106 3451 cata
118 3393 150 3450 in
167 3393 220 3464 eis,
235 3395 305 3452 cdm
318 3391 455 3452 homines
468 3392 506 3451 ad
520 3392 615 3452 omnis
628 3393 746 3471 generis
766 3409 886 3472 peccata
900 3400 989 3462 indu-

43 3474 251 3553 cerepossint

82 3553 140 3613 lv.
165 3553 299 3625 Lucifer,
314 3552 366 3632 qui
380 3552 576 3632 probabiliter
599 3552 658 3612 fuit
681 3573 837 3632 supremus
858 3559 991 3619 omnium

46 3634 246 3713 Angelorum,
262 3655 316 3693 suo
330 3634 466 3712 exemplo
480 3634 552 3692 alios
566 3634 712 3713 protraxit
730 3634 762 3692 in
786 3638 920 3698 eamdem
943 3661 992 3699 su·

45 3716 192 3793 perbiam.
235 3714 315 3773 Vide
330 3714 359 3774 S.
377 3712 484 3773 Thom.
500 3727 555 3775 art.
571 3722 598 3780 7.
614 3726 644 3773 et
659 3721 688 3772 8.

43 3830 46 3835 ·
83 3794 416 3873 PlurestamenAngeli
446 3794 994 3878 erstiteruntqulmceciderunt,·quia

46 3878 165 3957 ¹alleg.
180 3894 246 3956 cap.
261 3874 290 3938 6.
305 3895 332 3936 v.
350 3874 396 3938 16.
436 3874 544 3937 icitur:
576 3875 714 3937 “Plures
735 3878 892 3941 nobiscum
914 3895 997 3954 sunt,
