2160 4072
342 125 387 169 nn
403 125 454 170 ss.
479 122 683 168 rarnrnrrr.
907 112 970 175 10³

54 274 166 336 Proba
179 281 283 333 contra
296 272 528 333 Macedonianos
541 270 674 349 aliosque
683 270 848 346 hereticos,
878 275 973 354 Spiri-

54 377 88 415 m
104 354 250 415 Sanctum
265 372 329 413 esse
340 354 451 413 Deum.

60 436 101 493 V.
118 436 157 494 R·
174 435 321 494 Probatur
335 454 373 493 ex
394 434 523 493 Actibus
548 434 686 511 Apostol.
701 453 767 513 cap.
782 444 809 496 5.
830 456 859 496 v.
874 444 903 498 3.
918 439 972 496 ubi

53 525 132 576 etrus
146 514 354 576 Ananiam-sic
377 513 558 592 alloquitur:
581 519 602 548 “
616 517 678 573 Cur
699 517 826 577 tentavit
850 518 973 576 Satanas

58 607 211 657 cortuum
225 596 344 655 mentiri
357 605 387 654 te
402 594 528 673 Spiritui
542 594 651 653 Sancto
660 599 692 655 1”
706 593 749 670 (ν.
763 600 807 676 4.)
824 604 844 631 ‘¹
859 599 929 657 Non
942 617 974 656 es

64 676 211 736 mentitus
224 676 405 747 homiuibus,
417 675 471 734 sed
484 676 578 733 Deo.’'
600 675 683 754 Ergo
694 677 824 755 Spiritus
836 676 973 748 Sanctus,

53 758 77 816 ni
90 757 236 817 mentitus
250 766 313 815 erat
326 756 468 827 Ananias,
479 766 525 814 est
538 755 633 815 Deus.

70 837 191 900 Deinde
213 837 369 914 Scriptura
397 837 426 895 S.
450 834 589 895 attribuit
616 835 742 914 Spiritui
764 840 883 910 Sancto,
907 859 974 917 quae

53 918 84 978 uli
98 920 167 979 Deo
181 917 371 987 conveniunt,
388 927 422 976 ut
434 916 676 988 omniscientiam,
694 927 720 977 1.
735 919 774 977 ad
788 921 854 978 Cor.
868 940 933 997 cap.
947 929 975 978 2.

53 1021 64 1059 ·.
78 1007 122 1059 10.
136 1007 157 1034 “
170 999 300 1078 Spiritus
313 998 412 1058 omnia
431 999 597 1066 Scrutatur,
612 997 702 1056 etiarn
711 999 863 1075 profunda
877 1001 937 1059 Dei
946 1002 974 1058 :’'

53 1079 269 1149 nmensitatem,
291 1080 361 1157 Sap.
376 1097 440 1155 cap.
458 1086 483 1136 1.
497 1097 527 1136 v.
543 1085 570 1144 7.
612 1084 633 1111 “
648 1078 777 1156 Spiritus
792 1082 915 1139 Domini
927 1100 974 1138 re·

53 1161 125 1219 levit
135 1162 239 1219 orbern
253 1163 426 1218 terrarum.”
897 1186 901 1193 ·
946 1206 950 1213 .

76 1243 221 1301 Probatur
235 1241 325 1299 etiam
338 1258 375 1297 ex
392 1259 439 1307 eo,
461 1237 543 1316 qutd
558 1236 688 1315 Spiritus
699 1239 825 1299 Sanctus
836 1240 876 1299 sit
895 1242 974 1320 ejus-

53 1322 101 1381 lem
113 1321 288 1381 substantiae
299 1341 367 1380 cunr
379 1320 467 1378 Patre
480 1329 511 1376 et
524 1318 612 1388 Filio,
624 1319 713 1397 juxta
733 1321 803 1380 dict
821 1323 911 1380 Num.
925 1320 973 1381 63.

75 1401 144 1481 obj.
161 1402 187 1460 1.
201 1403 288 1465 Joan.
303 1419 367 1478 cap.
385 1398 430 1459 16.
443 1419 473 1456 u.
491 1406 538 1459 13.
558 1398 632 1457 dicit
645 1399 780 1459 Christus
804 1402 842 1459 de
862 1401 974 1477 Spiritu

53 1483 159 1555 iancto5
195 1490 216 1516 “
231 1483 301 1540 Non
325 1481 463 1558 loquetur
483 1478 684 1557 &semetipso
713 1481 766 1540 sed
780 1501 977 1559 quacumque

53 1562 171 1621 ‘audiet
183 1562 323 1641 loquetur
334 1565 361 1620 :'’
376 1580 447 1638 ergo
460 1570 576 1617 nonest
589 1558 683 1620 Deus.

78 1644 131 1703 v1.
148 1644 184 1702 R.
199 1645 277 1719 Neg.
289 1661 406 1718 conseq.
429 1642 539 1699 Sensus
553 1650 606 1710 est,
628 1642 718 1718 quod,
744 1642 831 1702 sicuti
846 1643 977 1721 Spiritus

53 1724 164 1784 iunctus
176 1725 215 1783 ab
228 1733 341 1783 aeterno
364 1722 455 1779 habet
469 1740 557 1779 suum
571 1740 634 1779 esse
655 1722 673 1780 ir
689 1724 777 1783 Patre
790 1734 820 1782 et
835 1725 922 1791 Filio,
936 1724 978 1781 ita

53 1804 124 1863 riam
137 1803 247 1863 habeat
262 1822 458 1881 quaecumque
467 1799 601 1878 loquitur
610 1812 640 1860 et
649 1803 775 1881 inspirat
785 1803 955 1862 horninibus
966 1828 976 1875 ;

53 1884 149 1943 iuditio
163 1884 241 1942 enirn
256 1884 287 1941 in
313 1883 433 1942 Divinis
447 1880 481 1939 lit
493 1901 547 1959 per
560 1883 788 1957 processionem,
810 1885 883 1941 durn
898 1903 977 1941 corn-

53 1965 204 2025 nunica'tur
217 1964 341 2023 scientia
353 1961 442 2020 simul
456 1981 525 2021 cum
536 1962 673 2020 Essentiu
687 1964 808 2033 Divina,
824 1965 853 2023 S.
869 1963 976 2022 Thorn.

53 2057 139 2123 quen.
154 2052 204 2106 24.
219 2054 273 2103 art.
288 2043 316 2104 6.
329 2043 377 2102 ad.
388 2052 417 2103 2.

76 2124 205 2206 0bj.11.
219 2124 271 2184 Ad
286 2125 370 2183 Rom.
385 2143 448 2201 cap.
465 2129 492 2181 8.
507 2142 535 2180 v.
557 2121 606 2182 26.
622 2123 658 2182 de
675 2124 788 2202 Spiritu
804 2126 834 2184 S.
849 2124 959 2184 (licitur
967 2150 980 2196 ,-

53 2203 207 2267 “Postulat
219 2226 275 2284 pro
283 2205 369 2263 nobis
378 2201 538 2282 gemitibus
548 2202 828 2279 inenarrabilibus;”
840 2226 912 2283 ergo
920 2226 979 2264 non

53 2297 87 2345 est
97 2288 189 2347 Deus.

84 2367 114 2426 R.
126 2367 247 2427 Dicitur
255 2365 406 2444 postulare
420 2375 450 2425 et
458 2384 579 2443 gemere
591 2367 755 2444 pro-nobis,
770 2368 841 2445 quia
853 2386 910 2424 nos
924 2367 980 2424 sut

54 2447 133 2523 grstiri
145 2447 298 2528 postulare
311 2459 341 2507 et
351 2465 470 2526 gemere
479 2446 558 2504 facit.

72 2607 160 2675 nrt.
184 2608 243 2667 DE
267 2605 559 2667 PROCESSIONE
582 2606 778 2668 SPIRITUS
801 2596 956 2667 SANCTl

299 2710 327 2767 A
351 2707 490 2767 PATRF.
513 2705 568 2764 ET
590 2705 719 2764 FILIO.

294 2868 326 2927 S.
345 2869 442 2928 Thoar.
463 2873 557 2946 quoest.
573 2865 619 2925 36.
635 2874 690 2924 art.
700 2875 729 2926 2.

62 3026 79 3083 l·
95 3027 216 3106 Spiritus
230 3026 353 3085 Sanctus
364 3025 520 3105 proceditci
547 3024 644 3082 Patre.
688 3025 728 3082 Il.
751 3026 844 3082 Error
868 3025 981 3081 Groeco·

86 3128 149 3165 rum.
191 3108 253 3167 111.
272 3105 418 3165 Particulo
433 3105 572 3182 Filioque
585 3103 683 3163 additu
698 3104 828 3181 Symbola
843 3103 980 3160 Constru-

85 3186 214 3266 liuopolit.
269 3187 325 3243 IV.
353 3185 498 3244 Probatur
521 3182 664 3262 processio
690 3181 816 3261 Spiritus
840 3182 939 3238 Sancti
960 3183 981 3237 ιὶ

85 3265 154 3326 Filio
174 3287 209 3324 er
224 3264 375 3341 Scripturri
391 3263 492 3323 Socrui.
537 3264 573 3321 V.
598 3263 645 3320 Ea
660 3261 788 3340 Synhalo
800 3264 831 3320 S.
842 3260 982 3315 -Atlruun-

84 3344 125 3402 rii.
169 3347 220 3404 VI.
237 3343 358 3400 Ratione
372 3344 404 3401 S.
423 3343 543 3401 Thomoe.
586 3343 660 3402 VII.
675 3344 765 3400 Pater
778 3348 804 3398 et
816 3338 909 3397 Filius
916 3349 983 3396 suut

85 3445 162 3482 urmn
175 3426 349 3505 principium
363 3422 489 3500 Spiritris
506 3425 537 3481 S.

87 3579 108 3639 l·
118 3583 243 3656 QUOD
259 3582 387 3661 Spiritus
401 3583 527 3641 Sanctus
539 3581 683 3660 procedat
693 3580 711 3638 ri
722 3579 822 3649 Patre‚‘
833 3575 908 3633 adeo
918 3577 980 3632 evi·

62 3656 115 3720 lens
127 3676 172 3723 est
185 3684 222 3723 ex
234 3664 388 3740 Scripturrt
402 3664 502 3734 Sacrt,
511 3664 600 3724 -Joan
616 3682 644 3722 c.
659 3671 749 3725 15.u.
762 3658 815 3724 tir.
828 3655 998 3717 “Darucin-

61 3743 213 3827 ff¹tus,‚.qni
219 3746 240 3797 a
253 3744 342 3800 Patre
352 3743 536 3818 procedit„”
552 3761 589 3807 ut
602 3746 685 3808 nulli
695 3741 855 3817 lraeret'rci,
870 3740 929 3820 qni
938 3735 1020 3795 Sri-

53 3828 142 3879 ratem
155 3818 351 3895 admiserunt,
365 3822 402 3882 id
412 3831 613 3906 negaverint.
