2152 4066
11 25 399 47 ῥ’-

90 93 154 157 182
391 150 396 175 .·
425 147 428 151 .
457 86 676 153 cnecuouus'

131 254 340 313 Voluntarium
354 255 432 312 euim
445 253 583 333 procedit
596 256 611 312 ὲ
626 251 787 322 voluntate,
801 263 841 323 et,
855 252 882 313 si
905 251 1034 311 liberum

92 337 139 404 sit,
155 332 262 393 sufficit
274 333 465 407 adrationem
477 334 601 414 peccati,
616 330 692 401 etad
705 332 906 413 inducendum
920 331 1033 411 oblige-
1049 344 1065 415 fl

92 417 202 476 tionem
224 413 427 486 restitutionin
1046 418 1059 515 'p

133 493 267 554 Volitum
289 515 348 552 non
368 493 569 553 voluntarium
590 492 677 570 etiam
701 492 808 553 sufficit
828 491 870 551 ad
890 493 1027 554 rationem

93 575 216 656 peccati,
241 573 366 633 sednon
379 574 495 633 inducit
508 573 717 653 obligationem
740 572 958 644 restitutionis,·
980 592 1025 639 ex·
1041 566 1052 637 l

94 655 225 734 emplum
237 655 316 713 sitin
330 675 374 723 eo,
389 655 440 732 qui
454 654 574 714 inimico
587 654 652 711 vult
672 667 795 712 mortem
818 651 868 711 vel
882 646 1024 726 domnum,
1051 687 1055 693 Δ
1069 687 1076 706 ε,

95 735 148 795 sed
160 733 345 793 nullomodo
359 735 388 792 in
404 747 528 793 mortem
543 734 591 794 vel
607 733 749 792 damnum
763 732 872 791 influit
1041 736 1047 821 'f
1072 767 1076 786 2

136 817 212 874 Pure
223 815 430 893 permissivum
451 815 600 893 quatenits
614 813 681 883 tale,
696 834 794 891 neque
807 813 953 871 rationem
966 832 1023 890 pec.
1041 820 1067 887 p.

96 896 162 965 cati,
176 915 275 972 neque
286 894 496 974 obligationem
508 893 702 954 restitutiouIs
715 894 832 953 adferre
838 902 937 972 potest
948 915 956 951 τ
967 895 1025 970 quit
1047 925 1069 944 e-

97 995 152 1034 uec
166 974 364 1033 voluntarium
380 985 493 1033 estnec
516 975 661 1045 volitum3
683 984 767 1052 patet
787 974 818 1031 in
832 975 900 1032 Deo
912 973 1026 1051 permit
1046 953 1076 1003 Ε

97 1066 178 1115 tente
200 1066 322 1134 peccate
341 1066 372 1113 et
397 1055 429 1113 in
454 1055 656 1133 superioribus
669 1054 909 1132 permittentibus
923 1053 1029 1111 minora
1050 1100 1076 1108 ,Α

97 1135 175 1194 malo
187 1135 321 1215 exjustis
335 1135 438 1196 causis.
624 1150 626 1155 ’

423 1484 643 1560 QUAESTIO
667 1485 716 1546 11.

355 1656 413 1713 DE
437 1652 781 1716 lNVOLUNTARIO.

103 1920 142 1975 u.
158 1925 205 1976 so.
227 1918 284 1976 uu
301 1919 635 1979 mvouuummo
657 1922 712 1980 uu
734 1917 882 1980 ciuus
905 1882 1037 1977 uiuo

422 2000 728 2061 CAUSANTIBUS,

105 2160 128 2216 Ι.
142 2158 254 2217 Divisio
267 2158 456 2220 involuntarii.
501 2161 541 2218 11.
557 2158 780 2217 Involuotorium
794 2161 934 2239 negative.
977 2155 1036 2217 111.

141 2237 364 2296 Inooluntorium
386 2236 512 2315 positio&
556 2238 610 2296 IV.
635 2237 857 2296 involuntarium
871 2234 1039 2314 simpliciter.

143 2319 181 2379 V.
195 2316 417 2376 involuntarium
432 2317 582 2378 secundom
597 2318 670 2397 quid.
704 2316 757 2384 VI.
774 2318 926 2378 Direoium.
969 2313 1038 2373 Vll.

143 2397 326 2456 Indireotom.
358 2394 448 2455 VIII.
480 2395 608 2461 Quatuor
635 2416 727 2456 cousoe
753 2395 941 2458 inuolun'torii
986 2394 1040 2454 lx.

144 2475 283 2543 Quomodo
298 2473 371 2533 illud
389 2481 513 2535 causent.
630 2486 636 2495 ⁸

145 2637 255 2708 QUID
271 2648 315 2695 est
328 2637 584 2698 involuntalium?

146 2720 180 2776 R.
197 2722 259 2777 Est.
274 2717 315 2786 id,
328 2719 408 2795 quod
419 2719 467 2776 vel
480 2740 540 2776 non
553 2718 689 2797 procedit
701 2716 719 2776 d
730 2717 890 2785 voluntate,
915 2715 963 2773 vel
985 2734 1041 2782 non

105 2799 240 2876 procedit
249 2816 316 2854 cum
331 2800 499 2876 cognitione
510 2799 596 2862 finio·

149 2877 333 2936 I.l)ividitur
346 2879 384 2936 1⁰.
392 2880 428 2936 ln
435 2879 667 2938 involuntarium
677 2878 825 2956 negative,
840 2886 869 2935 et
877 2875 1041 2933 involuutu·
1070 2873 1076 2894 ¹

106 2960 182 3016 rium
197 2957 333 3036 positive.
348 2959 390 3017 2⁰.
427 2960 463 3017 Iu
478 2959 710 3018 involuntarium
722 2957 902 3037 simpliciter,
918 2966 949 3013 et
962 2955 1040 3013 invo-

105 3040 267 3097 luntarium
276 3039 437 3098 secundiim
448 3039 530 3116 quid.
539 3041 581 3100 3⁰.
599 3041 634 3098 In
644 3038 876 3097 involuntarium
890 3035 1040 3104 directum,
1072 3043 1076 3046 ’

106 3119 378 3177 etinvoluntarium
399 3119 602 3197 indirectum„

147 3199 231 3272 Quid
245 3208 289 3256 est
310 3199 544 3258 involuntarium
564 3198 727 3276 negative?

148 3280 190 3338 11.
209 3281 241 3339 R.
262 3280 317 3336 Est
329 3300 405 3356 pura
418 3280 538 3357 negatio
552 3280 727 3338 voluntarii:
757 3279 798 3338 sic
812 3276 885 3335 mihi
899 3286 944 3335 est
956 3294 1042 3353 nega·

105 3360 166 3418 tive
182 3359 412 3419 involuntarium
433 3360 604 3437 incendium
622 3359 800 3438 Trojanum;
823 3357 865 3416 sic
879 3356 967 3415 etiem
986 3376 1042 3414 am·

105 3440 220 3499 bulatio
234 3450 279 3500 est
292 3440 365 3498 mihi
380 3441 580 3499 involuntaria
603 3441 749 3517 negative,
779 3439 852 3497 dum
872 3456 932 3495 non
947 3436 1043 3514 cogito

108 3521 145 3577 ‹le
159 3542 203 3590 ea,
233 3541 287 3579 nec
301 3521 452 3579 ambulare
465 3521 568 3580 debeo.

148 3601 335 3679 Exprimitur
346 3600 578 3659 involuntarium
588 3600 725 3677 negative
740 3619 793 3677 per
807 3601 934 3658 verbum
955 3604 975 3631 “
989 3615 1045 3655 non

105 3689 126 3714 “
137 3682 243 3753 velle,'’
264 3681 347 3761 quod
361 3681 625 3742 contradictorium
639 3691 685 3739 est
705 3688 724 3715 “
739 3680 844 3750 uelle?
868 3689 900 3736 et
910 3678 996 3754 quod
1005 3687 1047 3735 est

87 3764 174 3821 medi
177 3786 227 3823 um
240 3765 324 3825 inter
340 3774 360 3800 “
377 3764 458 3825 velle
472 3776 506 3826 et
519 3760 627 3831 nolle?
651 3780 721 3839 quae
736 3768 812 3819 eunt
828 3756 991 3816 contionu-

120 3844 211 3918 Quid
225 3860 275 3909 est
294 3849 556 3910 involuntarium
574 3845 734 3927 positive?
782 3916 785 3921 ἱ

429 4008 502 4039 A„
