<?xml version="1.0" encoding="UTF-8"?>
<!DOCTYPE html PUBLIC "-//W3C//DTD XHTML 1.0 Transitional//EN"
    "http://www.w3.org/TR/xhtml1/DTD/xhtml1-transitional.dtd">
<html xmlns="http://www.w3.org/1999/xhtml" xml:lang="en" lang="en">
 <head>
  <title>
</title>
<meta http-equiv="Content-Type" content="text/html;charset=utf-8" />
  <meta name='ocr-system' content='tesseract 3.04.00' />
  <meta name='ocr-capabilities' content='ocr_page ocr_carea ocr_par ocr_line ocrx_word'/>
</head>
<body>
  <div class='ocr_page' id='page_1' title='image "./theologiamorali00densgoog_0144.png"; bbox 0 0 2160 4072; ppageno 0'>
   <div class='ocr_carea' id='block_1_1' title="bbox 293 91 974 156">
    <p class='ocr_par' dir='ltr' id='par_1_1' title="bbox 293 91 974 156">
     <span class='ocr_line' id='line_1_1' title="bbox 293 91 974 156; baseline 0 -9"><span class='ocrx_word' id='word_1_1' title='bbox 293 103 339 149; x_wconf 79' lang='lat' dir='ltr'><strong>nu</strong></span> <span class='ocrx_word' id='word_1_2' title='bbox 364 102 565 149; x_wconf 71' lang='lat' dir='ltr'><strong>cancroso</strong></span> <span class='ocrx_word' id='word_1_3' title='bbox 578 105 712 151; x_wconf 59' lang='lat' dir='ltr'><strong>nunni.</strong></span> <span class='ocrx_word' id='word_1_4' title='bbox 910 91 974 156; x_wconf 74' lang='lat'><strong>181.</strong></span> 
     </span>
    </p>
   </div>
   <div class='ocr_carea' id='block_1_2' title="bbox 111 249 892 318">
    <p class='ocr_par' dir='ltr' id='par_1_2' title="bbox 111 249 892 318">
     <span class='ocr_line' id='line_1_2' title="bbox 111 249 892 318; baseline 0.008 -12"><span class='ocrx_word' id='word_1_5' title='bbox 111 251 151 306; x_wconf 87' lang='lat' dir='ltr'><strong>N.</strong></span> <span class='ocrx_word' id='word_1_6' title='bbox 166 257 217 318; x_wconf 66' lang='grc'><strong>96.</strong></span> <span class='ocrx_word' id='word_1_7' title='bbox 239 249 302 310; x_wconf 80' lang='lat' dir='ltr'><strong>DE</strong></span> <span class='ocrx_word' id='word_1_8' title='bbox 321 250 525 312; x_wconf 85' lang='lat' dir='ltr'><strong>SCIENTIA</strong></span> <span class='ocrx_word' id='word_1_9' title='bbox 546 252 670 313; x_wconf 82' lang='lat' dir='ltr'>PRIMI</span> <span class='ocrx_word' id='word_1_10' title='bbox 691 252 892 315; x_wconf 74' lang='lat' dir='ltr'><strong>HOMINIS.</strong></span> 
     </span>
    </p>
   </div>
   <div class='ocr_carea' id='block_1_3' title="bbox 53 405 973 630">
    <p class='ocr_par' dir='ltr' id='par_1_3' title="bbox 53 405 973 630">
     <span class='ocr_line' id='line_1_3' title="bbox 53 405 969 496; baseline 0.008 -30"><span class='ocrx_word' id='word_1_11' title='bbox 53 432 60 466; x_wconf 82' lang='grc'><strong>·.</strong></span> <span class='ocrx_word' id='word_1_12' title='bbox 73 405 211 472; x_wconf 74' lang='lat' dir='ltr'><strong>Qtwuam</strong></span> <span class='ocrx_word' id='word_1_13' title='bbox 226 409 337 469; x_wconf 62' lang='lat' dir='ltr'><strong>temnit</strong></span> <span class='ocrx_word' id='word_1_14' title='bbox 349 410 459 485; x_wconf 75' lang='lat' dir='ltr'><strong>primus</strong></span> <span class='ocrx_word' id='word_1_15' title='bbox 481 411 569 471; x_wconf 70' lang='lat' dir='ltr'><strong>homo.</strong></span> <span class='ocrx_word' id='word_1_16' title='bbox 611 411 654 470; x_wconf 93' lang='lat'><strong>11.</strong></span> <span class='ocrx_word' id='word_1_17' title='bbox 676 414 743 472; x_wconf 78' lang='lat' dir='ltr'><strong>Noa</strong></span> <span class='ocrx_word' id='word_1_18' title='bbox 758 410 825 489; x_wconf 79' lang='lat' dir='ltr'><strong>suit</strong></span> <span class='ocrx_word' id='word_1_19' title='bbox 837 413 869 477; x_wconf 72' lang='lat' dir='ltr'><strong>in</strong></span> <span class='ocrx_word' id='word_1_20' title='bbox 880 435 914 477; x_wconf 77' lang='lat' dir='ltr'><strong>co</strong></span> <span class='ocrx_word' id='word_1_21' title='bbox 926 416 969 496; x_wconf 78' lang='lat' dir='ltr'><strong>ig-</strong></span> 
     </span>
     <span class='ocr_line' id='line_1_4' title="bbox 72 489 973 630; baseline 0.013 -88"><span class='ocrx_word' id='word_1_22' title='bbox 72 489 392 630; x_wconf 34' lang='lat' dir='ltr'><strong>ngnzigbnerromtc.</strong></span> <span class='ocrx_word' id='word_1_23' title='bbox 433 490 494 551; x_wconf 90' lang='lat'><strong>111.</strong></span> <span class='ocrx_word' id='word_1_24' title='bbox 536 491 849 570; x_wconf 73' lang='lat' dir='ltr'><strong>Quoesupmaturalta</strong></span> <span class='ocrx_word' id='word_1_25' title='bbox 873 515 973 574; x_wconf 78' lang='lat' dir='ltr'><strong>cogro-</strong></span> 
     </span>
    </p>
   </div>
   <div class='ocr_carea' id='block_1_4' title="bbox 53 727 1046 3783">
    <p class='ocr_par' dir='ltr' id='par_1_4' title="bbox 53 727 972 885">
     <span class='ocr_line' id='line_1_5' title="bbox 53 727 972 808; baseline 0.007 -22"><span class='ocrx_word' id='word_1_26' title='bbox 53 727 258 800; x_wconf 73' lang='lat' dir='ltr'><strong>..QUALEM</strong></span> <span class='ocrx_word' id='word_1_27' title='bbox 283 740 313 788; x_wconf 86' lang='lat' dir='ltr'><strong>et</strong></span> <span class='ocrx_word' id='word_1_28' title='bbox 339 738 479 808; x_wconf 82' lang='lat' dir='ltr'><strong>quantam</strong></span> <span class='ocrx_word' id='word_1_29' title='bbox 495 729 649 789; x_wconf 89' lang='lat' dir='ltr'><strong>scientiam</strong></span> <span class='ocrx_word' id='word_1_30' title='bbox 660 730 767 790; x_wconf 85' lang='lat' dir='ltr'><strong>habuit</strong></span> <span class='ocrx_word' id='word_1_31' title='bbox 788 731 886 790; x_wconf 82' lang='lat' dir='ltr'><strong>Adam</strong></span> <span class='ocrx_word' id='word_1_32' title='bbox 901 745 972 793; x_wconf 85' lang='lat' dir='ltr'><strong>ante</strong></span> 
     </span>
     <span class='ocr_line' id='line_1_6' title="bbox 53 815 796 885; baseline 0.011 -20"><span class='ocrx_word' id='word_1_33' title='bbox 53 815 211 885; x_wconf 66' lang='lat' dir='ltr'><strong>peccatum?</strong></span> <span class='ocrx_word' id='word_1_34' title='bbox 793 854 796 860; x_wconf 87' lang='lat'>·</span> 
     </span>
    </p>

    <p class='ocr_par' dir='ltr' id='par_1_5' title="bbox 53 888 1046 1433">
     <span class='ocr_line' id='line_1_7' title="bbox 53 888 971 968; baseline 0.009 -22"><span class='ocrx_word' id='word_1_35' title='bbox 53 914 59 939; x_wconf 84' lang='grc' dir='ltr'>ι</span> <span class='ocrx_word' id='word_1_36' title='bbox 79 888 101 946; x_wconf 86' lang='lat'><strong>1.</strong></span> <span class='ocrx_word' id='word_1_37' title='bbox 116 889 152 946; x_wconf 83' lang='lat' dir='ltr'><strong>R.</strong></span> <span class='ocrx_word' id='word_1_38' title='bbox 167 889 198 948; x_wconf 89' lang='lat' dir='ltr'><strong>S.</strong></span> <span class='ocrx_word' id='word_1_39' title='bbox 224 888 331 949; x_wconf 87' lang='lat' dir='ltr'><strong>Thom.</strong></span> <span class='ocrx_word' id='word_1_40' title='bbox 346 900 401 948; x_wconf 85' lang='lat' dir='ltr'><strong>art</strong></span> <span class='ocrx_word' id='word_1_41' title='bbox 421 897 450 967; x_wconf 75' lang='lat'><strong>3.</strong></span> <span class='ocrx_word' id='word_1_42' title='bbox 473 889 555 966; x_wconf 77' lang='lat' dir='ltr'><strong>quod</strong></span> <span class='ocrx_word' id='word_1_43' title='bbox 575 889 644 949; x_wconf 80' lang='lat' dir='ltr'><strong>crim</strong></span> <span class='ocrx_word' id='word_1_44' title='bbox 657 889 771 968; x_wconf 87' lang='lat' dir='ltr'><strong>primus</strong></span> <span class='ocrx_word' id='word_1_45' title='bbox 791 891 890 963; x_wconf 87' lang='lat' dir='ltr'><strong>homo,</strong></span> <span class='ocrx_word' id='word_1_46' title='bbox 911 914 971 954; x_wconf 91' lang='lat' dir='ltr'><strong>non</strong></span> 
     </span>
     <span class='ocr_line' id='line_1_8' title="bbox 53 967 975 1052; baseline 0.003 -21"><span class='ocrx_word' id='word_1_47' title='bbox 53 971 150 1031; x_wconf 68' lang='lat' dir='ltr'><strong>mrum</strong></span> <span class='ocrx_word' id='word_1_48' title='bbox 163 967 328 1031; x_wconf 82' lang='lat' dir='ltr'><strong>secundrim</strong></span> <span class='ocrx_word' id='word_1_49' title='bbox 337 990 445 1048; x_wconf 86' lang='lat' dir='ltr'><strong>corpus</strong></span> <span class='ocrx_word' id='word_1_50' title='bbox 455 971 629 1030; x_wconf 81' lang='lat' dir='ltr'><strong>eduliorum</strong></span> <span class='ocrx_word' id='word_1_51' title='bbox 639 971 864 1032; x_wconf 78' lang='lat' dir='ltr'><strong>instructionem</strong></span> <span class='ocrx_word' id='word_1_52' title='bbox 877 985 909 1034; x_wconf 87' lang='lat' dir='ltr'><strong>et</strong></span> <span class='ocrx_word' id='word_1_53' title='bbox 917 995 975 1052; x_wconf 81' lang='lat' dir='ltr'><strong>gu·</strong></span> 
     </span>
     <span class='ocr_line' id='line_1_9' title="bbox 53 1045 973 1130; baseline 0.011 -25"><span class='ocrx_word' id='word_1_54' title='bbox 53 1045 234 1109; x_wconf 72' lang='lat' dir='ltr'><strong>irruationem</strong></span> <span class='ocrx_word' id='word_1_55' title='bbox 244 1050 396 1128; x_wconf 74' lang='lat' dir='ltr'><strong>periectrm</strong></span> <span class='ocrx_word' id='word_1_56' title='bbox 410 1050 448 1109; x_wconf 88' lang='lat' dir='ltr'><strong>sit</strong></span> <span class='ocrx_word' id='word_1_57' title='bbox 460 1051 623 1120; x_wconf 81' lang='lat' dir='ltr'><strong>institutus,</strong></span> <span class='ocrx_word' id='word_1_58' title='bbox 648 1063 782 1130; x_wconf 79' lang='lat' dir='ltr'><strong>oporteat</strong></span> <span class='ocrx_word' id='word_1_59' title='bbox 796 1073 865 1113; x_wconf 89' lang='lat' dir='ltr'><strong>eum</strong></span> <span class='ocrx_word' id='word_1_60' title='bbox 878 1055 973 1115; x_wconf 89' lang='lat' dir='ltr'><strong>habu-</strong></span> 
     </span>
     <span class='ocr_line' id='line_1_10' title="bbox 53 1126 973 1212; baseline 0.011 -26"><span class='ocrx_word' id='word_1_61' title='bbox 53 1126 92 1197; x_wconf 69' lang='lat' dir='ltr'><strong>isse</strong></span> <span class='ocrx_word' id='word_1_62' title='bbox 101 1129 233 1190; x_wconf 85' lang='lat' dir='ltr'><strong>notitiam</strong></span> <span class='ocrx_word' id='word_1_63' title='bbox 247 1129 380 1189; x_wconf 88' lang='lat' dir='ltr'><strong>omniurn</strong></span> <span class='ocrx_word' id='word_1_64' title='bbox 388 1132 562 1190; x_wconf 78' lang='lat' dir='ltr'>naturaliter</span> <span class='ocrx_word' id='word_1_65' title='bbox 572 1131 721 1191; x_wconf 86' lang='lat' dir='ltr'><strong>scibilium</strong></span> <span class='ocrx_word' id='word_1_66' title='bbox 734 1157 744 1205; x_wconf 82' lang='lat'><em>3</em></span> <span class='ocrx_word' id='word_1_67' title='bbox 770 1132 851 1195; x_wconf 86' lang='lat' dir='ltr'><strong>unde</strong></span> <span class='ocrx_word' id='word_1_68' title='bbox 863 1155 973 1212; x_wconf 88' lang='lat' dir='ltr'><strong>cogno·</strong></span> 
     </span>
     <span class='ocr_line' id='line_1_11' title="bbox 53 1207 974 1289; baseline 0.009 -22"><span class='ocrx_word' id='word_1_69' title='bbox 53 1207 343 1280; x_wconf 74' lang='lat' dir='ltr'><strong>titomniaanimalia,</strong></span> <span class='ocrx_word' id='word_1_70' title='bbox 368 1211 495 1289; x_wconf 85' lang='lat' dir='ltr'><strong>plantas,</strong></span> <span class='ocrx_word' id='word_1_71' title='bbox 510 1223 624 1270; x_wconf 92' lang='lat' dir='ltr'><strong>motum</strong></span> <span class='ocrx_word' id='word_1_72' title='bbox 652 1212 812 1284; x_wconf 75' lang='lat' dir='ltr'><strong>stellarum,</strong></span> <span class='ocrx_word' id='word_1_73' title='bbox 840 1225 897 1275; x_wconf 87' lang='lat' dir='ltr'><strong>ete.</strong></span> <span class='ocrx_word' id='word_1_74' title='bbox 912 1236 974 1277; x_wconf 89' lang='lat' dir='ltr'><strong>non</strong></span> 
     </span>
     <span class='ocr_line' id='line_1_12' title="bbox 53 1291 1046 1372; baseline 0.011 -26"><span class='ocrx_word' id='word_1_75' title='bbox 53 1296 131 1347; x_wconf 81' lang='lat' dir='ltr'><strong>umen</strong></span> <span class='ocrx_word' id='word_1_76' title='bbox 141 1291 242 1350; x_wconf 85' lang='lat' dir='ltr'><strong>futura</strong></span> <span class='ocrx_word' id='word_1_77' title='bbox 255 1293 466 1369; x_wconf 84' lang='lat' dir='ltr'><strong>contingentia,</strong></span> <span class='ocrx_word' id='word_1_78' title='bbox 478 1292 607 1352; x_wconf 83' lang='lat' dir='ltr'><strong>occultas</strong></span> <span class='ocrx_word' id='word_1_79' title='bbox 618 1292 753 1352; x_wconf 90' lang='lat' dir='ltr'><strong>cordium</strong></span> <span class='ocrx_word' id='word_1_80' title='bbox 767 1295 970 1372; x_wconf 86' lang='lat' dir='ltr'><strong>cogitationes,</strong></span> <span class='ocrx_word' id='word_1_81' title='bbox 1044 1330 1046 1334; x_wconf 36' lang='lat' dir='ltr'>v</span> 
     </span>
     <span class='ocr_line' id='line_1_13' title="bbox 53 1372 663 1433; baseline 0.007 -6"><span class='ocrx_word' id='word_1_82' title='bbox 53 1384 92 1427; x_wconf 66' lang='lat' dir='ltr'><strong>tet</strong></span> <span class='ocrx_word' id='word_1_83' title='bbox 104 1374 200 1430; x_wconf 89' lang='lat' dir='ltr'><strong>omnia</strong></span> <span class='ocrx_word' id='word_1_84' title='bbox 208 1372 372 1433; x_wconf 78' lang='lat' dir='ltr'><strong>individua</strong></span> <span class='ocrx_word' id='word_1_85' title='bbox 654 1380 663 1395; x_wconf 81' lang='lat'><strong><em>‘</em></strong></span> 
     </span>
    </p>

    <p class='ocr_par' dir='ltr' id='par_1_6' title="bbox 53 1451 973 1853">
     <span class='ocr_line' id='line_1_14' title="bbox 82 1451 970 1532; baseline 0.008 -25"><span class='ocrx_word' id='word_1_86' title='bbox 82 1451 117 1510; x_wconf 89' lang='lat' dir='ltr'><strong>ll.</strong></span> <span class='ocrx_word' id='word_1_87' title='bbox 132 1453 258 1524; x_wconf 68' lang='lat' dir='ltr'><strong>Deinde,</strong></span> <span class='ocrx_word' id='word_1_88' title='bbox 282 1455 352 1511; x_wconf 85' lang='lat' dir='ltr'><strong>crim</strong></span> <span class='ocrx_word' id='word_1_89' title='bbox 368 1462 461 1512; x_wconf 82' lang='lat' dir='ltr'><strong>status</strong></span> <span class='ocrx_word' id='word_1_90' title='bbox 478 1453 567 1530; x_wconf 90' lang='lat' dir='ltr'><strong>primi</strong></span> <span class='ocrx_word' id='word_1_91' title='bbox 580 1453 709 1512; x_wconf 87' lang='lat' dir='ltr'><strong>hominis</strong></span> <span class='ocrx_word' id='word_1_92' title='bbox 720 1465 797 1513; x_wconf 88' lang='lat' dir='ltr'><strong>esset</strong></span> <span class='ocrx_word' id='word_1_93' title='bbox 810 1457 970 1532; x_wconf 80' lang='lat' dir='ltr'><strong>perfectus,</strong></span> 
     </span>
     <span class='ocr_line' id='line_1_15' title="bbox 53 1533 971 1597; baseline 0.01 -9"><span class='ocrx_word' id='word_1_94' title='bbox 53 1547 119 1588; x_wconf 71' lang='lat' dir='ltr'><strong>nune</strong></span> <span class='ocrx_word' id='word_1_95' title='bbox 132 1533 242 1593; x_wconf 82' lang='lat' dir='ltr'><strong>malum</strong></span> <span class='ocrx_word' id='word_1_96' title='bbox 257 1533 362 1592; x_wconf 81' lang='lat' dir='ltr'><strong>abillo</strong></span> <span class='ocrx_word' id='word_1_97' title='bbox 375 1533 495 1593; x_wconf 81' lang='lat' dir='ltr'><strong>excludi</strong></span> <span class='ocrx_word' id='word_1_98' title='bbox 509 1534 616 1594; x_wconf 89' lang='lat' dir='ltr'><strong>debet:</strong></span> <span class='ocrx_word' id='word_1_99' title='bbox 641 1534 713 1593; x_wconf 90' lang='lat' dir='ltr'><strong>hinc</strong></span> <span class='ocrx_word' id='word_1_100' title='bbox 726 1535 756 1592; x_wconf 89' lang='lat' dir='ltr'><strong>in</strong></span> <span class='ocrx_word' id='word_1_101' title='bbox 776 1556 812 1593; x_wconf 92' lang='lat' dir='ltr'><strong>eo</strong></span> <span class='ocrx_word' id='word_1_102' title='bbox 822 1555 883 1594; x_wconf 92' lang='lat' dir='ltr'><strong>non</strong></span> <span class='ocrx_word' id='word_1_103' title='bbox 909 1537 971 1597; x_wconf 84' lang='lat' dir='ltr'><strong>fuit</strong></span> 
     </span>
     <span class='ocr_line' id='line_1_16' title="bbox 55 1608 729 1693; baseline 0.009 -27"><span class='ocrx_word' id='word_1_104' title='bbox 55 1608 98 1668; x_wconf 74' lang='lat' dir='ltr'><strong>utu</strong></span> <span class='ocrx_word' id='word_1_105' title='bbox 105 1611 410 1691; x_wconf 63' lang='lat' dir='ltr'><strong>ignorantia,;9blivio‚</strong></span> <span class='ocrx_word' id='word_1_106' title='bbox 422 1635 505 1672; x_wconf 88' lang='lat' dir='ltr'><strong>error</strong></span> <span class='ocrx_word' id='word_1_107' title='bbox 518 1624 570 1673; x_wconf 90' lang='lat' dir='ltr'><strong>aut</strong></span> <span class='ocrx_word' id='word_1_108' title='bbox 584 1615 729 1693; x_wconf 88' lang='lat' dir='ltr'><strong>deceptio.</strong></span> 
     </span>
     <span class='ocr_line' id='line_1_17' title="bbox 53 1691 973 1774; baseline 0.009 -24"><span class='ocrx_word' id='word_1_109' title='bbox 53 1708 56 1737; x_wconf 79' lang='lat'><strong>¹</strong></span> <span class='ocrx_word' id='word_1_110' title='bbox 82 1691 143 1770; x_wconf 86' lang='lat' dir='ltr'><strong>Obj.</strong></span> <span class='ocrx_word' id='word_1_111' title='bbox 157 1695 181 1751; x_wconf 89' lang='lat'><strong>1.</strong></span> <span class='ocrx_word' id='word_1_112' title='bbox 211 1696 340 1772; x_wconf 83' lang='lat' dir='ltr'><strong>Serpens</strong></span> <span class='ocrx_word' id='word_1_113' title='bbox 353 1696 496 1756; x_wconf 64' lang='lat' dir='ltr'><strong>Genesssss</strong></span> <span class='ocrx_word' id='word_1_114' title='bbox 521 1696 658 1772; x_wconf 87' lang='lat' dir='ltr'><strong>promisit</strong></span> <span class='ocrx_word' id='word_1_115' title='bbox 680 1696 785 1772; x_wconf 84' lang='lat' dir='ltr'><strong>primis</strong></span> <span class='ocrx_word' id='word_1_116' title='bbox 797 1698 973 1774; x_wconf 85' lang='lat' dir='ltr'><strong>parentibus</strong></span> 
     </span>
     <span class='ocr_line' id='line_1_18' title="bbox 55 1771 740 1853; baseline 0.009 -25"><span class='ocrx_word' id='word_1_117' title='bbox 55 1771 182 1831; x_wconf 73' lang='lat' dir='ltr'><strong>scientiam</strong></span> <span class='ocrx_word' id='word_1_118' title='bbox 196 1776 308 1833; x_wconf 89' lang='lat' dir='ltr'><strong>boniet</strong></span> <span class='ocrx_word' id='word_1_119' title='bbox 321 1775 411 1838; x_wconf 85' lang='lat' dir='ltr'><strong>mali:</strong></span> <span class='ocrx_word' id='word_1_120' title='bbox 426 1796 499 1853; x_wconf 89' lang='lat' dir='ltr'><strong>ergo</strong></span> <span class='ocrx_word' id='word_1_121' title='bbox 508 1795 568 1832; x_wconf 87' lang='lat' dir='ltr'><strong>non</strong></span> <span class='ocrx_word' id='word_1_122' title='bbox 581 1775 740 1835; x_wconf 81' lang='lat' dir='ltr'><strong>habebant.</strong></span> 
     </span>
    </p>

    <p class='ocr_par' dir='ltr' id='par_1_7' title="bbox 53 1851 976 2237">
     <span class='ocr_line' id='line_1_19' title="bbox 80 1851 974 1936; baseline 0.011 -28"><span class='ocrx_word' id='word_1_123' title='bbox 80 1851 108 1910; x_wconf 85' lang='lat' dir='ltr'><strong>R.</strong></span> <span class='ocrx_word' id='word_1_124' title='bbox 122 1855 251 1932; x_wconf 79' lang='lat' dir='ltr'><strong>Serpens</strong></span> <span class='ocrx_word' id='word_1_125' title='bbox 270 1856 344 1933; x_wconf 86' lang='lat' dir='ltr'><strong>ipsis</strong></span> <span class='ocrx_word' id='word_1_126' title='bbox 366 1856 547 1915; x_wconf 83' lang='lat' dir='ltr'><strong>mendaciter</strong></span> <span class='ocrx_word' id='word_1_127' title='bbox 566 1856 703 1934; x_wconf 90' lang='lat' dir='ltr'><strong>promisit</strong></span> <span class='ocrx_word' id='word_1_128' title='bbox 721 1858 873 1916; x_wconf 87' lang='lat' dir='ltr'><strong>scientiam</strong></span> <span class='ocrx_word' id='word_1_129' title='bbox 891 1859 974 1936; x_wconf 88' lang='lat' dir='ltr'><strong>plus·</strong></span> 
     </span>
     <span class='ocr_line' id='line_1_20' title="bbox 55 1935 976 2015; baseline 0.003 -21"><span class='ocrx_word' id='word_1_130' title='bbox 55 1947 120 2003; x_wconf 61' lang='lat' dir='ltr'><strong>quun</strong></span> <span class='ocrx_word' id='word_1_131' title='bbox 133 1935 299 1995; x_wconf 79' lang='lat' dir='ltr'><strong>naturalem</strong></span> <span class='ocrx_word' id='word_1_132' title='bbox 313 1947 344 1994; x_wconf 88' lang='lat' dir='ltr'><strong>et</strong></span> <span class='ocrx_word' id='word_1_133' title='bbox 356 1936 465 1996; x_wconf 71' lang='lat' dir='ltr'><strong>divinae</strong></span> <span class='ocrx_word' id='word_1_134' title='bbox 474 1937 610 2007; x_wconf 83' lang='lat' dir='ltr'><strong>similem,</strong></span> <span class='ocrx_word' id='word_1_135' title='bbox 637 1941 697 2015; x_wconf 70' lang='lat' dir='ltr'><strong>qui</strong></span> <span class='ocrx_word' id='word_1_136' title='bbox 711 1957 748 1995; x_wconf 84' lang='lat' dir='ltr'><strong>ex</strong></span> <span class='ocrx_word' id='word_1_137' title='bbox 761 1938 874 2015; x_wconf 88' lang='lat' dir='ltr'><strong>seipsis,</strong></span> <span class='ocrx_word' id='word_1_138' title='bbox 888 1938 976 1997; x_wconf 85' lang='lat' dir='ltr'><strong>inde-</strong></span> 
     </span>
     <span class='ocr_line' id='line_1_21' title="bbox 54 2015 972 2094; baseline 0.007 -22"><span class='ocrx_word' id='word_1_139' title='bbox 54 2015 194 2084; x_wconf 70' lang='lat' dir='ltr'><strong>pudenter</strong></span> <span class='ocrx_word' id='word_1_140' title='bbox 208 2017 225 2074; x_wconf 75' lang='grc' dir='ltr'>ὲ</span> <span class='ocrx_word' id='word_1_141' title='bbox 237 2017 314 2088; x_wconf 89' lang='lat' dir='ltr'><strong>Deo,</strong></span> <span class='ocrx_word' id='word_1_142' title='bbox 334 2019 447 2076; x_wconf 85' lang='lat' dir='ltr'><strong>bonum</strong></span> <span class='ocrx_word' id='word_1_143' title='bbox 462 2029 493 2076; x_wconf 91' lang='lat' dir='ltr'><strong>et</strong></span> <span class='ocrx_word' id='word_1_144' title='bbox 514 2017 626 2076; x_wconf 87' lang='lat' dir='ltr'><strong>malum</strong></span> <span class='ocrx_word' id='word_1_145' title='bbox 640 2029 861 2094; x_wconf 82' lang='lat' dir='ltr'><strong>cognoscerent,</strong></span> <span class='ocrx_word' id='word_1_146' title='bbox 885 2018 972 2078; x_wconf 86' lang='lat' dir='ltr'><strong>sicuti</strong></span> 
     </span>
     <span class='ocr_line' id='line_1_22' title="bbox 54 2085 967 2176; baseline 0.01 -26"><span class='ocrx_word' id='word_1_147' title='bbox 54 2085 91 2150; x_wconf 84' lang='lat' dir='ltr'><strong>loc</strong></span> <span class='ocrx_word' id='word_1_148' title='bbox 103 2096 185 2153; x_wconf 86' lang='lat' dir='ltr'><strong>Deus</strong></span> <span class='ocrx_word' id='word_1_149' title='bbox 200 2117 237 2155; x_wconf 84' lang='lat' dir='ltr'><strong>ex</strong></span> <span class='ocrx_word' id='word_1_150' title='bbox 261 2097 357 2174; x_wconf 85' lang='lat' dir='ltr'><strong>seipso</strong></span> <span class='ocrx_word' id='word_1_151' title='bbox 370 2099 540 2176; x_wconf 77' lang='lat' dir='ltr'><strong>cognoscit3</strong></span> <span class='ocrx_word' id='word_1_152' title='bbox 569 2098 611 2156; x_wconf 90' lang='lat' dir='ltr'><strong>ait</strong></span> <span class='ocrx_word' id='word_1_153' title='bbox 623 2099 722 2168; x_wconf 79' lang='lat' dir='ltr'><strong>cnim3</strong></span> <span class='ocrx_word' id='word_1_154' title='bbox 748 2104 770 2130; x_wconf 88' lang='lat'><em>“</em></span> <span class='ocrx_word' id='word_1_155' title='bbox 784 2098 876 2157; x_wconf 90' lang='lat' dir='ltr'><strong>Eritis</strong></span> <span class='ocrx_word' id='word_1_156' title='bbox 890 2099 967 2159; x_wconf 86' lang='lat' dir='ltr'><strong>sicut</strong></span> 
     </span>
     <span class='ocr_line' id='line_1_23' title="bbox 53 2173 572 2237; baseline 0.006 -4"><span class='ocrx_word' id='word_1_157' title='bbox 53 2173 107 2233; x_wconf 81' lang='lat' dir='ltr'><strong>“dii</strong></span> <span class='ocrx_word' id='word_1_158' title='bbox 120 2177 247 2235; x_wconf 84' lang='lat' dir='ltr'><strong>scientes</strong></span> <span class='ocrx_word' id='word_1_159' title='bbox 266 2178 377 2236; x_wconf 85' lang='lat' dir='ltr'><strong>bonum</strong></span> <span class='ocrx_word' id='word_1_160' title='bbox 393 2189 423 2236; x_wconf 88' lang='lat' dir='ltr'><strong>et</strong></span> <span class='ocrx_word' id='word_1_161' title='bbox 435 2179 572 2237; x_wconf 86' lang='lat' dir='ltr'><strong>malum.”</strong></span> 
     </span>
    </p>

    <p class='ocr_par' dir='ltr' id='par_1_8' title="bbox 53 2256 970 2497">
     <span class='ocr_line' id='line_1_24' title="bbox 77 2256 968 2337; baseline 0.006 -23"><span class='ocrx_word' id='word_1_162' title='bbox 77 2256 142 2333; x_wconf 79' lang='lat' dir='ltr'><strong>Ooj.</strong></span> <span class='ocrx_word' id='word_1_163' title='bbox 160 2256 202 2315; x_wconf 82' lang='lat'><strong>11.</strong></span> <span class='ocrx_word' id='word_1_164' title='bbox 223 2277 286 2334; x_wconf 82' lang='lat' dir='ltr'><strong>cap</strong></span> <span class='ocrx_word' id='word_1_165' title='bbox 302 2264 330 2318; x_wconf 87' lang='grc'><strong>3.</strong></span> <span class='ocrx_word' id='word_1_166' title='bbox 340 2279 369 2316; x_wconf 83' lang='grc' dir='ltr'><strong>ν.</strong></span> <span class='ocrx_word' id='word_1_167' title='bbox 384 2267 412 2326; x_wconf 81' lang='lat'><strong>7.</strong></span> <span class='ocrx_word' id='word_1_168' title='bbox 439 2272 507 2336; x_wconf 86' lang='lat' dir='ltr'><strong>post</strong></span> <span class='ocrx_word' id='word_1_169' title='bbox 530 2269 686 2335; x_wconf 82' lang='lat' dir='ltr'><strong>peccatum</strong></span> <span class='ocrx_word' id='word_1_170' title='bbox 705 2256 825 2337; x_wconf 88' lang='lat' dir='ltr'><strong>deipsis</strong></span> <span class='ocrx_word' id='word_1_171' title='bbox 840 2258 968 2319; x_wconf 85' lang='lat' dir='ltr'><strong>dicitur:</strong></span> 
     </span>
     <span class='ocr_line' id='line_1_25' title="bbox 53 2333 970 2417; baseline 0.007 -25"><span class='ocrx_word' id='word_1_172' title='bbox 53 2333 172 2412; x_wconf 71' lang='lat' dir='ltr'><strong>“Aperti</strong></span> <span class='ocrx_word' id='word_1_173' title='bbox 187 2339 350 2397; x_wconf 80' lang='lat' dir='ltr'><strong>suntoculi</strong></span> <span class='ocrx_word' id='word_1_174' title='bbox 370 2341 524 2398; x_wconf 86' lang='lat' dir='ltr'><strong>amborum</strong></span> <span class='ocrx_word' id='word_1_175' title='bbox 535 2342 561 2399; x_wconf 87' lang='lat'><strong>:&#39;’</strong></span> <span class='ocrx_word' id='word_1_176' title='bbox 586 2339 669 2417; x_wconf 84' lang='lat' dir='ltr'><strong>atqui</strong></span> <span class='ocrx_word' id='word_1_177' title='bbox 683 2338 765 2398; x_wconf 86' lang='lat' dir='ltr'><strong>istud</strong></span> <span class='ocrx_word' id='word_1_178' title='bbox 790 2338 970 2416; x_wconf 84' lang='lat' dir='ltr'><strong>intelligitur</strong></span> 
     </span>
     <span class='ocr_line' id='line_1_26' title="bbox 53 2409 484 2497; baseline 0.014 -25"><span class='ocrx_word' id='word_1_179' title='bbox 53 2409 73 2471; x_wconf 75' lang='lat' dir='ltr'><strong>le</strong></span> <span class='ocrx_word' id='word_1_180' title='bbox 84 2418 177 2475; x_wconf 86' lang='lat' dir='ltr'><strong>oculis</strong></span> <span class='ocrx_word' id='word_1_181' title='bbox 189 2421 320 2478; x_wconf 84' lang='lat' dir='ltr'><strong>mentis?</strong></span> <span class='ocrx_word' id='word_1_182' title='bbox 336 2440 417 2497; x_wconf 84' lang='lat' dir='ltr'><strong>ergo,</strong></span> <span class='ocrx_word' id='word_1_183' title='bbox 429 2432 484 2479; x_wconf 89' lang='lat' dir='ltr'><strong>etc.</strong></span> 
     </span>
    </p>

    <p class='ocr_par' dir='ltr' id='par_1_9' title="bbox 53 2496 972 2820">
     <span class='ocr_line' id='line_1_27' title="bbox 76 2496 968 2577; baseline 0.004 -22"><span class='ocrx_word' id='word_1_184' title='bbox 76 2496 106 2554; x_wconf 71' lang='lat' dir='ltr'><strong>Ii.</strong></span> <span class='ocrx_word' id='word_1_185' title='bbox 130 2499 236 2557; x_wconf 86' lang='lat' dir='ltr'><strong>Sermo</strong></span> <span class='ocrx_word' id='word_1_186' title='bbox 249 2499 291 2556; x_wconf 94' lang='lat' dir='ltr'><strong>ibi</strong></span> <span class='ocrx_word' id='word_1_187' title='bbox 304 2510 350 2558; x_wconf 89' lang='lat' dir='ltr'><strong>est</strong></span> <span class='ocrx_word' id='word_1_188' title='bbox 363 2501 401 2558; x_wconf 90' lang='lat' dir='ltr'><strong>de</strong></span> <span class='ocrx_word' id='word_1_189' title='bbox 421 2500 544 2559; x_wconf 74' lang='lat' dir='ltr'><strong>scientid</strong></span> <span class='ocrx_word' id='word_1_190' title='bbox 559 2499 805 2576; x_wconf 86' lang='lat' dir='ltr'><strong>experimentali,·</strong></span> <span class='ocrx_word' id='word_1_191' title='bbox 834 2502 968 2577; x_wconf 87' lang='lat' dir='ltr'><strong>quemvis</strong></span> 
     </span>
     <span class='ocr_line' id='line_1_28' title="bbox 53 2576 972 2658; baseline 0.011 -27"><span class='ocrx_word' id='word_1_192' title='bbox 53 2576 107 2633; x_wconf 83' lang='lat' dir='ltr'><strong>uim</strong></span> <span class='ocrx_word' id='word_1_193' title='bbox 122 2591 194 2636; x_wconf 84' lang='lat' dir='ltr'><strong>ante</strong></span> <span class='ocrx_word' id='word_1_194' title='bbox 211 2591 368 2657; x_wconf 84' lang='lat' dir='ltr'><strong>peccatum</strong></span> <span class='ocrx_word' id='word_1_195' title='bbox 390 2600 422 2638; x_wconf 87' lang='lat' dir='ltr'><strong>se</strong></span> <span class='ocrx_word' id='word_1_196' title='bbox 444 2582 540 2639; x_wconf 92' lang='lat' dir='ltr'><strong>nudos</strong></span> <span class='ocrx_word' id='word_1_197' title='bbox 569 2601 632 2638; x_wconf 88' lang='lat' dir='ltr'><strong>esse</strong></span> <span class='ocrx_word' id='word_1_198' title='bbox 655 2578 877 2656; x_wconf 78' lang='lat' dir='ltr'><strong>cognoscerent,</strong></span> <span class='ocrx_word' id='word_1_199' title='bbox 902 2595 972 2658; x_wconf 90' lang='lat' dir='ltr'><strong>post</strong></span> 
     </span>
     <span class='ocr_line' id='line_1_29' title="bbox 53 2659 968 2740; baseline 0.002 -24"><span class='ocrx_word' id='word_1_200' title='bbox 53 2669 183 2718; x_wconf 69' lang='lat' dir='ltr'><strong>occatum</strong></span> <span class='ocrx_word' id='word_1_201' title='bbox 197 2671 297 2718; x_wconf 86' lang='lat' dir='ltr'><strong>tamen</strong></span> <span class='ocrx_word' id='word_1_202' title='bbox 311 2681 348 2719; x_wconf 83' lang='lat' dir='ltr'><strong>ex</strong></span> <span class='ocrx_word' id='word_1_203' title='bbox 361 2661 497 2720; x_wconf 86' lang='lat' dir='ltr'><strong>nuditate</strong></span> <span class='ocrx_word' id='word_1_204' title='bbox 510 2661 625 2740; x_wconf 82' lang='lat' dir='ltr'><strong>experti</strong></span> <span class='ocrx_word' id='word_1_205' title='bbox 640 2670 709 2719; x_wconf 91' lang='lat' dir='ltr'><strong>sunt</strong></span> <span class='ocrx_word' id='word_1_206' title='bbox 723 2659 818 2719; x_wconf 83' lang='lat' dir='ltr'><strong>carnis</strong></span> <span class='ocrx_word' id='word_1_207' title='bbox 831 2660 968 2720; x_wconf 82' lang='lat' dir='ltr'><strong>rebellio-</strong></span> 
     </span>
     <span class='ocr_line' id='line_1_30' title="bbox 53 2741 707 2820; baseline 0.006 -27"><span class='ocrx_word' id='word_1_208' title='bbox 53 2756 106 2808; x_wconf 87' lang='lat' dir='ltr'><strong>em,</strong></span> <span class='ocrx_word' id='word_1_209' title='bbox 121 2760 213 2817; x_wconf 86' lang='lat' dir='ltr'><strong>quam</strong></span> <span class='ocrx_word' id='word_1_210' title='bbox 226 2760 287 2798; x_wconf 89' lang='lat' dir='ltr'><strong>non</strong></span> <span class='ocrx_word' id='word_1_211' title='bbox 300 2741 450 2801; x_wconf 77' lang='lat' dir='ltr'><strong>hebebant</strong></span> <span class='ocrx_word' id='word_1_212' title='bbox 463 2755 530 2800; x_wconf 85' lang='lat' dir='ltr'><strong>ante</strong></span> <span class='ocrx_word' id='word_1_213' title='bbox 544 2752 707 2820; x_wconf 83' lang='lat' dir='ltr'><strong>peccatum.</strong></span> 
     </span>
    </p>

    <p class='ocr_par' dir='ltr' id='par_1_10' title="bbox 53 2818 976 3445">
     <span class='ocr_line' id='line_1_31' title="bbox 69 2818 968 2900; baseline 0.007 -24"><span class='ocrx_word' id='word_1_214' title='bbox 69 2819 83 2875; x_wconf 91' lang='lat' dir='ltr'><strong>l</strong></span> <span class='ocrx_word' id='word_1_215' title='bbox 88 2818 130 2877; x_wconf 82' lang='lat'><strong>11.</strong></span> <span class='ocrx_word' id='word_1_216' title='bbox 140 2820 295 2894; x_wconf 84' lang='lat' dir='ltr'><strong>Quantirm</strong></span> <span class='ocrx_word' id='word_1_217' title='bbox 307 2822 346 2879; x_wconf 88' lang='lat' dir='ltr'><strong>ad</strong></span> <span class='ocrx_word' id='word_1_218' title='bbox 360 2823 604 2900; x_wconf 83' lang='lat' dir='ltr'><strong>supernaturalia,</strong></span> <span class='ocrx_word' id='word_1_219' title='bbox 620 2821 719 2879; x_wconf 89' lang='lat' dir='ltr'><strong>Adam</strong></span> <span class='ocrx_word' id='word_1_220' title='bbox 726 2832 839 2880; x_wconf 80' lang='lat' dir='ltr'><strong>tantam</strong></span> <span class='ocrx_word' id='word_1_221' title='bbox 847 2820 968 2881; x_wconf 88' lang='lat' dir='ltr'><strong>illorum</strong></span> 
     </span>
     <span class='ocr_line' id='line_1_32' title="bbox 53 2899 968 2980; baseline 0.005 -24"><span class='ocrx_word' id='word_1_222' title='bbox 53 2899 135 2958; x_wconf 84' lang='lat' dir='ltr'><strong>abuit</strong></span> <span class='ocrx_word' id='word_1_223' title='bbox 146 2901 293 2972; x_wconf 82' lang='lat' dir='ltr'><strong>notitiam,</strong></span> <span class='ocrx_word' id='word_1_224' title='bbox 305 2914 445 2980; x_wconf 87' lang='lat' dir='ltr'><strong>quantam</strong></span> <span class='ocrx_word' id='word_1_225' title='bbox 460 2904 499 2962; x_wconf 84' lang='lat' dir='ltr'><strong>ad</strong></span> <span class='ocrx_word' id='word_1_226' title='bbox 512 2925 572 2962; x_wconf 82' lang='lat' dir='ltr'><strong>suae</strong></span> <span class='ocrx_word' id='word_1_227' title='bbox 587 2913 616 2960; x_wconf 88' lang='lat' dir='ltr'><strong>et</strong></span> <span class='ocrx_word' id='word_1_228' title='bbox 629 2901 753 2960; x_wconf 80' lang='lat' dir='ltr'><strong>aliorum</strong></span> <span class='ocrx_word' id='word_1_229' title='bbox 765 2902 832 2960; x_wconf 86' lang='lat' dir='ltr'><strong>vitae</strong></span> <span class='ocrx_word' id='word_1_230' title='bbox 848 2903 968 2980; x_wconf 84' lang='lat' dir='ltr'><strong>spiritu-</strong></span> 
     </span>
     <span class='ocr_line' id='line_1_33' title="bbox 53 2978 969 3061; baseline 0.005 -26"><span class='ocrx_word' id='word_1_231' title='bbox 53 2978 81 3036; x_wconf 86' lang='lat' dir='ltr'><strong>lis</strong></span> <span class='ocrx_word' id='word_1_232' title='bbox 98 2983 236 3058; x_wconf 87' lang='lat' dir='ltr'><strong>regimen</strong></span> <span class='ocrx_word' id='word_1_233' title='bbox 255 3004 331 3061; x_wconf 86' lang='lat' dir='ltr'><strong>opus</strong></span> <span class='ocrx_word' id='word_1_234' title='bbox 344 2995 417 3053; x_wconf 85' lang='lat' dir='ltr'><strong>erat,</strong></span> <span class='ocrx_word' id='word_1_235' title='bbox 431 2995 461 3042; x_wconf 92' lang='lat' dir='ltr'><strong>et</strong></span> <span class='ocrx_word' id='word_1_236' title='bbox 473 2984 607 3042; x_wconf 76' lang='lat' dir='ltr'><strong>felicitati</strong></span> <span class='ocrx_word' id='word_1_237' title='bbox 620 2984 705 3040; x_wconf 90' lang='lat' dir='ltr'><strong>istius</strong></span> <span class='ocrx_word' id='word_1_238' title='bbox 718 2982 809 3041; x_wconf 73' lang='lat' dir='ltr'><strong>statiis</strong></span> <span class='ocrx_word' id='word_1_239' title='bbox 823 3002 969 3059; x_wconf 88' lang='lat' dir='ltr'><strong>congrue·</strong></span> 
     </span>
     <span class='ocr_line' id='line_1_34' title="bbox 53 3062 967 3140; baseline 0.007 -24"><span class='ocrx_word' id='word_1_240' title='bbox 53 3072 99 3131; x_wconf 60' lang='grc' dir='ltr'><strong>ιτς</strong></span> <span class='ocrx_word' id='word_1_241' title='bbox 125 3062 263 3140; x_wconf 80' lang='lat' dir='ltr'><strong>adeoque</strong></span> <span class='ocrx_word' id='word_1_242' title='bbox 273 3065 379 3123; x_wconf 89' lang='lat' dir='ltr'><strong>habuit</strong></span> <span class='ocrx_word' id='word_1_243' title='bbox 391 3065 479 3122; x_wconf 85' lang='lat' dir='ltr'><strong>fidem</strong></span> <span class='ocrx_word' id='word_1_244' title='bbox 493 3067 583 3123; x_wconf 89' lang='lat' dir='ltr'><strong>unius</strong></span> <span class='ocrx_word' id='word_1_245' title='bbox 595 3065 652 3122; x_wconf 88' lang='lat' dir='ltr'><strong>Dei</strong></span> <span class='ocrx_word' id='word_1_246' title='bbox 660 3063 898 3133; x_wconf 85' lang='lat' dir='ltr'><strong>remuneratoris,</strong></span> <span class='ocrx_word' id='word_1_247' title='bbox 914 3063 967 3123; x_wconf 87' lang='lat' dir='ltr'><strong>SS.</strong></span> 
     </span>
     <span class='ocr_line' id='line_1_35' title="bbox 53 3139 971 3222; baseline 0.008 -25"><span class='ocrx_word' id='word_1_248' title='bbox 53 3139 194 3214; x_wconf 62' lang='lat' dir='ltr'><strong>&#39;ciuitatis</strong></span> <span class='ocrx_word' id='word_1_249' title='bbox 223 3164 258 3202; x_wconf 84' lang='lat' dir='ltr'><strong>ac</strong></span> <span class='ocrx_word' id='word_1_250' title='bbox 272 3145 360 3203; x_wconf 86' lang='lat' dir='ltr'><strong>etium</strong></span> <span class='ocrx_word' id='word_1_251' title='bbox 386 3145 610 3214; x_wconf 67' lang='lat' dir='ltr'><strong>incarnationis</strong></span> <span class='ocrx_word' id='word_1_252' title='bbox 639 3143 738 3222; x_wconf 81' lang='lat' dir='ltr'><strong>quoad</strong></span> <span class='ocrx_word' id='word_1_253' title='bbox 762 3143 971 3212; x_wconf 75' lang='lat' dir='ltr'><strong>substantium,¹</strong></span> 
     </span>
     <span class='ocr_line' id='line_1_36' title="bbox 53 3224 976 3299; baseline 0.001 -22"><span class='ocrx_word' id='word_1_254' title='bbox 53 3239 85 3277; x_wconf 88' lang='lat' dir='ltr'><strong>on</strong></span> <span class='ocrx_word' id='word_1_255' title='bbox 97 3225 197 3299; x_wconf 88' lang='lat' dir='ltr'><strong>quoad</strong></span> <span class='ocrx_word' id='word_1_256' title='bbox 213 3226 368 3295; x_wconf 90' lang='lat' dir='ltr'><strong>motivum,</strong></span> <span class='ocrx_word' id='word_1_257' title='bbox 391 3226 491 3295; x_wconf 86' lang='lat' dir='ltr'><strong>idest,</strong></span> <span class='ocrx_word' id='word_1_258' title='bbox 507 3227 593 3284; x_wconf 91' lang='lat' dir='ltr'><strong>scivit</strong></span> <span class='ocrx_word' id='word_1_259' title='bbox 608 3225 718 3282; x_wconf 87' lang='lat' dir='ltr'><strong>Filium</strong></span> <span class='ocrx_word' id='word_1_260' title='bbox 742 3225 800 3282; x_wconf 91' lang='lat' dir='ltr'><strong>Dei</strong></span> <span class='ocrx_word' id='word_1_261' title='bbox 810 3224 976 3295; x_wconf 79' lang='lat' dir='ltr'><strong>incarnan-¹</strong></span> 
     </span>
     <span class='ocr_line' id='line_1_37' title="bbox 53 3301 966 3384; baseline 0.002 -27"><span class='ocrx_word' id='word_1_262' title='bbox 53 3321 109 3364; x_wconf 87' lang='lat' dir='ltr'><strong>um.</strong></span> <span class='ocrx_word' id='word_1_263' title='bbox 121 3304 176 3362; x_wconf 87' lang='lat' dir='ltr'><strong>sed</strong></span> <span class='ocrx_word' id='word_1_264' title='bbox 189 3325 252 3363; x_wconf 92' lang='lat' dir='ltr'><strong>non</strong></span> <span class='ocrx_word' id='word_1_265' title='bbox 262 3306 349 3364; x_wconf 86' lang='lat' dir='ltr'><strong>scivit</strong></span> <span class='ocrx_word' id='word_1_266' title='bbox 362 3327 448 3364; x_wconf 90' lang='lat' dir='ltr'><strong>suum</strong></span> <span class='ocrx_word' id='word_1_267' title='bbox 459 3318 625 3384; x_wconf 82' lang='lat' dir='ltr'><strong>peccatum,</strong></span> <span class='ocrx_word' id='word_1_268' title='bbox 640 3316 761 3384; x_wconf 89' lang='lat' dir='ltr'><strong>propter</strong></span> <span class='ocrx_word' id='word_1_269' title='bbox 774 3302 856 3381; x_wconf 91' lang='lat' dir='ltr'><strong>qnod</strong></span> <span class='ocrx_word' id='word_1_270' title='bbox 870 3301 966 3359; x_wconf 86' lang='lat' dir='ltr'><strong>Filius</strong></span> 
     </span>
     <span class='ocr_line' id='line_1_38' title="bbox 53 3383 387 3445; baseline 0.015 -5"><span class='ocrx_word' id='word_1_271' title='bbox 53 3383 85 3440; x_wconf 70' lang='lat' dir='ltr'><strong>*ei</strong></span> <span class='ocrx_word' id='word_1_272' title='bbox 99 3395 165 3442; x_wconf 82' lang='lat' dir='ltr'><strong>erat</strong></span> <span class='ocrx_word' id='word_1_273' title='bbox 177 3384 387 3445; x_wconf 85' lang='lat' dir='ltr'><strong>incarnandus.</strong></span> 
     </span>
    </p>

    <p class='ocr_par' dir='ltr' id='par_1_11' title="bbox 53 3461 966 3706">
     <span class='ocr_line' id='line_1_39' title="bbox 66 3461 965 3545; baseline -0.002 -24"><span class='ocrx_word' id='word_1_274' title='bbox 66 3465 114 3521; x_wconf 84' lang='lat' dir='ltr'><strong>Ex</strong></span> <span class='ocrx_word' id='word_1_275' title='bbox 127 3465 176 3524; x_wconf 88' lang='lat' dir='ltr'><strong>his</strong></span> <span class='ocrx_word' id='word_1_276' title='bbox 188 3467 326 3526; x_wconf 88' lang='lat' dir='ltr'><strong>omnibus</strong></span> <span class='ocrx_word' id='word_1_277' title='bbox 341 3467 471 3545; x_wconf 86' lang='lat' dir='ltr'><strong>Sylvius,</strong></span> <span class='ocrx_word' id='word_1_278' title='bbox 485 3467 621 3536; x_wconf 85' lang='lat' dir='ltr'><strong>Billuart,</strong></span> <span class='ocrx_word' id='word_1_279' title='bbox 635 3466 733 3542; x_wconf 90' lang='lat' dir='ltr'><strong>alique</strong></span> <span class='ocrx_word' id='word_1_280' title='bbox 752 3463 844 3532; x_wconf 85' lang='lat' dir='ltr'><strong>aiunt,</strong></span> <span class='ocrx_word' id='word_1_281' title='bbox 867 3461 965 3520; x_wconf 87' lang='lat' dir='ltr'><strong>Adam</strong></span> 
     </span>
     <span class='ocr_line' id='line_1_40' title="bbox 53 3541 966 3623; baseline -0.005 -19"><span class='ocrx_word' id='word_1_282' title='bbox 53 3554 93 3604; x_wconf 69' lang='lat' dir='ltr'><strong>&gt;st</strong></span> <span class='ocrx_word' id='word_1_283' title='bbox 111 3547 267 3605; x_wconf 87' lang='lat' dir='ltr'><strong>Christum</strong></span> <span class='ocrx_word' id='word_1_284' title='bbox 281 3547 373 3606; x_wconf 86' lang='lat' dir='ltr'><strong>fuisse</strong></span> <span class='ocrx_word' id='word_1_285' title='bbox 393 3549 525 3606; x_wconf 89' lang='lat' dir='ltr'><strong>omnium</strong></span> <span class='ocrx_word' id='word_1_286' title='bbox 540 3548 693 3605; x_wconf 89' lang='lat' dir='ltr'><strong>hominum</strong></span> <span class='ocrx_word' id='word_1_287' title='bbox 708 3541 966 3623; x_wconf 76' lang='lat' dir='ltr'><strong>sapientissimum,</strong></span> 
     </span>
     <span class='ocr_line' id='line_1_41' title="bbox 53 3627 514 3706; baseline -0.002 -17"><span class='ocrx_word' id='word_1_288' title='bbox 53 3649 62 3689; x_wconf 75' lang='lat' dir='ltr'><strong>r</strong></span> <span class='ocrx_word' id='word_1_289' title='bbox 76 3627 239 3688; x_wconf 77' lang='lat' dir='ltr'><strong>Salomone</strong></span> <span class='ocrx_word' id='word_1_290' title='bbox 249 3628 370 3706; x_wconf 87' lang='lat' dir='ltr'><strong>quidem</strong></span> <span class='ocrx_word' id='word_1_291' title='bbox 382 3639 514 3705; x_wconf 84' lang='lat' dir='ltr'><strong>excepto.</strong></span> 
     </span>
    </p>

    <p class='ocr_par' dir='ltr' id='par_1_12' title="bbox 64 3703 981 3783">
     <span class='ocr_line' id='line_1_42' title="bbox 64 3703 981 3783; baseline -0.009 -15"><span class='ocrx_word' id='word_1_292' title='bbox 64 3707 164 3768; x_wconf 82' lang='lat' dir='ltr'><strong>Adam</strong></span> <span class='ocrx_word' id='word_1_293' title='bbox 174 3709 279 3773; x_wconf 77' lang='lat' dir='ltr'><strong>habuit</strong></span> <span class='ocrx_word' id='word_1_294' title='bbox 287 3710 365 3766; x_wconf 85' lang='lat' dir='ltr'><strong>illam</strong></span> <span class='ocrx_word' id='word_1_295' title='bbox 373 3710 526 3769; x_wconf 88' lang='lat' dir='ltr'><strong>scientiam</strong></span> <span class='ocrx_word' id='word_1_296' title='bbox 538 3711 568 3770; x_wconf 90' lang='lat' dir='ltr'><strong>in</strong></span> <span class='ocrx_word' id='word_1_297' title='bbox 574 3709 724 3783; x_wconf 74' lang='lat' dir='ltr'><strong>creatione</strong></span> <span class='ocrx_word' id='word_1_298' title='bbox 732 3703 981 3768; x_wconf 65' lang='lat' dir='ltr'><strong>ibeoiniusum.</strong></span> 
     </span>
    </p>
   </div>
   <div class='ocr_carea' id='block_1_5' title="bbox 0 0 1084 4072">
    <p class='ocr_par' dir='ltr' id='par_1_13' title="bbox 0 0 1084 4072">
     <span class='ocr_line' id='line_1_43' title="bbox 0 0 1084 4072; baseline 0 0"><span class='ocrx_word' id='word_1_299' title='bbox 0 0 1084 4072; x_wconf 95' lang='lat' dir='ltr'><strong> </strong></span> 
     </span>
    </p>
   </div>
  </div>
 </body>
</html>
