2160 4072
385 106 433 153 nu
455 104 629 153 ructans.
914 90 980 159 880

61 248 239 327 Apamea.
281 252 322 313 V.
342 250 479 315 Debitum
498 261 590 311 lumea
608 253 718 329 peccati
739 252 887 331 origiuuh'r
901 253 980 313 Diuo

62 324 154 408 Virgo
165 330 323 393 maeroris.

49 486 120 563 ‚AN
135 500 308 571 peccatum
317 491 462 571 originale
475 491 625 551 transitio
639 512 742 551 omnes
755 491 910 551 homiues?

49 564 82 639 ll.
105 572 146 631 R.
163 570 251 631 Fide
264 584 380 633 oenum
393 583 448 642 est,
463 572 544 650 qudd
556 590 658 631 omnes
667 572 813 641 homines,
826 574 879 649 qui
893 573 980 631 semi-

49 642 124 719 liter
140 672 202 725 seu
216 652 353 713 naturali
372 652 434 711 viti
453 651 650 729 generationis
663 674 700 711 ex
721 652 838 710 Adamo
858 653 981 713 descen-

49 740 99 801 nt,
124 731 323 793 contrahunt
334 744 489 813 peccatum
504 733 658 809 originale,
677 733 733 790 uisi
744 733 851 809 aliquis
863 754 900 792 ex
914 752 980 811 spe·

49 806 276 953 ¹tlp’lpriuilegio
292 815 309 871 i
331 814 481 873 communi
501 813 569 891 lege
581 814 754 890 excipiatur.
797 813 875 873 Vide
889 816 979 873 Conc.

49 906 65 947 ,1
117 913 200 953 sess.
224 899 254 951 5.
549 896 554 906 “

49 968 97 1031 ll.
122 974 279 1035 Christus
292 974 439 1035 Dominus
453 976 601 1051 apeccato
611 973 750 1050 originali
761 976 901 1034 immunis
912 975 980 1045 fuit,

49 1068 71 1109 n
84 1056 218 1113 tantiam
232 1055 347 1115 ratione
356 1054 474 1113 unionis
484 1054 687 1133 hypostatice,
700 1056 730 1111 vi
744 1054 830 1131 cujus
844 1055 981 1133 impossi-

49 1152 72 1191 e
85 1144 163 1193 erat
176 1135 285 1213 ipsum
299 1134 406 1213 subjici
423 1146 554 1211 peccato,
569 1136 622 1195 sed
636 1134 724 1193 etiam
739 1155 776 1193 cx
791 1155 836 1204 eo,
847 1136 929 1213 quod
942 1136 981 1195 ab

49 1208 139 1283 hmo
164 1234 233 1275 non
253 1215 443 1275 descenderit
456 1215 616 1273 secundum
630 1214 801 1273 seminalem
815 1219 959 1275 rationem
970 1240 981 1286 3

49 1310 84 1357 m
92 1294 169 1353 sine
177 1296 298 1357 minine
308 1295 366 1355 viri
376 1307 536 1374 conceptus
545 1306 633 1355 estex
645 1296 904 1355 substantiaDivae
912 1295 981 1353 Vir.

49 1372 96 1435 uis
108 1394 175 1455 per
189 1375 397 1454 operationem
407 1376 537 1454 Spiritus
547 1376 658 1444 Sancti,
673 1377 714 1433 ita
724 1386 759 1433 ut
773 1376 909 1435 Christus
922 1375 983 1434 diti

49 1452 139 1513 stum
153 1456 258 1535 possit
271 1477 309 1515 ex
321 1456 439 1515 Adamo
453 1455 633 1515 descendere
647 1453 810 1515 secundum
824 1455 983 1533 corpulen-

49 1550 76 1603 μ
89 1536 313 1608 substantiam,
332 1556 393 1597 non
406 1537 570 1597 secundum
584 1535 754 1593 seminalem
768 1535 920 1595 rationem.

53 1616 112 1687 An
129 1617 222 1675 Diva
233 1618 330 1695 Virgo
342 1617 470 1677 obnoxia
481 1616 540 1675 fuit
553 1627 675 1695 peccatg
689 1615 826 1692 originali
838 1621 851 1675 ?

49 1692 128 1755 ¹Ill.
142 1698 181 1755 R.
199 1696 392 1776 Quamquam
402 1696 472 1757 fidei
482 1718 543 1756 non
553 1698 600 1766 sit,
612 1697 815 1755 Beatissimam
825 1696 982 1774 Virginem

49 1794 83 1835 m
97 1778 290 1836 contraxisse
302 1788 459 1856 peccatum
473 1775 627 1855 originale,
651 1778 683 1835 id
697 1788 798 1836 tamen
816 1778 908 1837 habet
920 1777 981 1855 pia,

49 1859 199 1917 unmunis
222 1878 257 1919 ac
278 1858 499 1937 quodammodo
521 1859 622 1915 innata
643 1857 777 1917 fidelium
791 1858 959 1935 persuassio
974 1882 981 1916 ε

49 1954 96 2005 nc
106 1938 345 1999 commentarius
356 1940 412 1997 sub
425 1938 545 1999 nomine
559 1937 588 1996 S.
606 1938 785 2014 Hieronymi
796 1940 826 1994 in
843 1938 918 1995 Psal.
934 1947 982 2005 77.

49 2014 176 2077 urinam
192 2018 350 2096 Virginem
363 2018 414 2089 ait,
428 2038 488 2077 non
500 2018 591 2077 fuisse
605 2017 787 2083 intenebris,
802 2018 856 2076 sed
867 2038 983 2095 semper

49 2100 154 2159 tluce.
189 2105 212 2133 ‘⁴
224 2100 273 2159 De
285 2120 346 2178 qua
360 2099 456 2173 (Diva
471 2098 611 2176 Virgine)
636 2100 679 2157 ait
693 2096 723 2153 S.
738 2099 820 2175 Aug.
835 2097 887 2155 lib.
911 2105 931 2132 “
946 2099 983 2158 de

61 2176 187 2239 Natura
201 2188 232 2237 et
246 2179 377 2239 Gratia'¹
395 2198 460 2257 cap.
484 2186 534 2239 23.
558 2189 680 2257 propter
700 2177 843 2237 honorem
858 2179 983 2239 Domini

61 2258 182 2317 nullam
197 2278 330 2337 prorsus,
354 2258 419 2318 cim
442 2259 479 2318 de
503 2260 631 2337 peccatis
654 2256 763 2337 agitur,
784 2258 894 2317 habere
915 2260 984 2320 volo

64 2342 275 2417 qrrorstionem‚
297 2343 371 2399 etc.”

73 2420 102 2479 S.
118 2420 247 2487 Thomas
257 2420 379 2497 quidem
391 2428 418 2480 3.
432 2430 517 2499 parte
528 2430 623 2498 quast
636 2428 683 2486 27.
695 2432 748 2479 art.
760 2430 788 2481 2.
803 2430 905 2498 aperta
915 2421 985 2479 satis

49 2500 182 2559 eutmtia
193 2499 322 2571 videtur,
333 2500 443 2559 Divam
451 2501 605 2579 Virginem
614 2512 736 2577 peccato
746 2500 885 2577 originali
893 2500 985 2558 fuisse

49 2570 209 2651 bnoxiam3
221 2580 265 2638 uti
274 2592 304 2639 et
315 2584 344 2640 S.
360 2581 505 2639 Bernardi
519 2582 603 2660 epist.
617 2590 665 2648 77.
678 2582 716 2639 ad
726 2580 889 2639 canonicos
901 2581 985 2658 Lug·

49 2674 206 2721 uncum:
228 2662 329 2719 verbm
342 2661 403 2721 dici
415 2672 522 2739 potest,
545 2663 625 2739 quod
645 2661 671 2719 si
685 2663 716 2723 S.
731 2661 839 2719 Thom.
861 2659 986 2721 vidisset

49 2738 181 2809 debitori
195 2743 319 2800 Festum
332 2742 542 2819 conceptionis
553 2743 639 2803 Divus
653 2741 788 2818 Virginis
798 2762 853 2819 per
864 2741 985 2800 uuiver-

49 2834 99 2879 itm
119 2821 296 2891 Ecclesiam,
316 2833 407 2899 prout
419 2821 509 2881 hodie
524 2822 699 2891 celebratur,
721 2842 776 2900 pro
793 2822 987 2882 lmmaculata

49 2894 239 2978 :obreptione
252 2900 376 2963 indubia
390 2901 518 2961 stetisset
530 2926 539 2974 ;
561 2904 625 2960 cum
640 2903 746 2961 eidem
757 2904 918 2979 quaestione
932 2913 986 2961 art.

56 3020 69 3037 .
80 2979 113 3039 in
122 2992 301 3060 argumento
316 2991 335 3017 “
344 2983 397 3043 sed
407 2994 510 3041 contra
519 2984 535 3005 '⁹
549 3003 585 3041 ex
599 3003 646 3052 eo,
661 2982 741 3060 quod
752 2982 887 3043 Ecclesia
901 2983 987 3041 Divae

49 3054 172 3138 'irgine
197 3062 391 3123 Nativitatem
404 3062 543 3132 celebret,
569 3064 762 3121 Nativitatem
778 3064 843 3141 ejus
857 3073 988 3121 sanctam

49 3132 129 3199 'trisse
139 3152 171 3200 et
184 3143 248 3201 sine
260 3154 383 3220 peccato
395 3141 532 3220 originali
544 3142 689 3213 intulerit,
716 3150 736 3177 “
748 3146 818 3202 Non
832 3143 911 3201 enim
926 3142 987 3215 (in-

49 3232 63 3251 ·
75 3222 139 3299 qpit
151 3222 210 3301 ibi)
223 3223 389 3283 celebratur
405 3224 527 3281 Festum
542 3223 572 3280 in
587 3222 731 3295 Ecclesia,
746 3224 803 3282 nisi
818 3242 873 3302 pro
888 3220 988 3298 aliquo

49 3300 211 3361 ‘Sancto'’
252 3303 393 3363 Similiter
416 3304 448 3361 S.
474 3305 644 3363 Bernardus
659 3303 689 3361 in
703 3304 761 3362 fine
783 3304 869 3381 epist.
892 3301 988 3358 citatae

49 3381 136 3440 ›mnia
151 3403 205 3440 sua
220 3381 305 3442 Sedis
320 3382 500 3462 Apostolicae
511 3383 627 3459 judicio
642 3383 800 3443 submittit.

80 3460 134 3523 1v.
158 3465 185 3521 N
188 3474 247 3532 ota,
261 3463 343 3541 quod
354 3464 525 3523 Alexander
539 3465 608 3522 Vll.
623 3483 770 3522 renovans
782 3461 900 3520 decreta
912 3460 989 3520 Sixti

49 3538 81 3601 V.
96 3543 184 3603 Pauli
209 3545 248 3603 V.
266 3552 301 3603 'et
322 3545 413 3622 Greg.
438 3544 506 3605 XV.
530 3544 727 3621 prohibuerit,
748 3541 866 3619 nequis
881 3540 990 3600 sivein

49 3622 177 3696 publicis,
200 3624 262 3683 sive
279 3624 313 3682 in
336 3623 461 3702 privatis
485 3626 671 3683 sermonibus
685 3633 736 3682 aut
750 3622 867 3700 scriptis
879 3634 990 3681 asserat

49 3700 244 3763 Beatissimam
255 3703 408 3781 Virginem
424 3704 553 3763 Mariam
561 3706 594 3764 in
602 3713 797 3785 peccatoesse
805 3713 992 3781 conceptam,

49 3781 83 3837 el
89 3782 129 3837 de
135 3782 187 3839 illa
193 3791 283 3860 parte
293 3784 471 3842 affirmativa
485 3785 593 3859 aliquo
604 3786 699 3849 modo
711 3806 805 3869 agere
816 3805 874 3846 ssu
879 3794 1014 3845 traetme

451 3873 557 3933 262
