2160 4072
114 100 178 168 178
486 121 687 165 reseratus

115 277 188 324 ωηο
201 266 323 335 demum
337 277 492 345 peceatum
505 276 660 327 externum
674 274 907 337 consummetur,
930 274 960 323 et
977 282 1036 323 un·

118 365 195 415 sura,
210 367 235 407 u
225 347 340 406 fuerat
350 366 474 417 annexa
484 346 690 418 contrahatur3
701 356 733 405 et
743 345 865 422 quidem
874 330 1035 415 indubiuu',

118 446 143 484 s1
135 426 264 485 'malam
277 427 459 487 voluntatem
474 446 534 485 non
554 426 778 494 retractaverim
801 424 872 519 quia
888 437 962 485 tunc
980 426 1038 485 vus

119 507 240 566 effectus
253 508 387 585 sequitur
395 528 432 565 ex
440 507 534 565 libera
545 507 707 577 voluntate,
744 505 859 565 uamvis
868 507 918 565 hie
931 516 959 563 et
971 524 1041 585 ηοω.

78 586 299 665 impossibile
323 588 362 647 sit
384 587 521 646 eumdem
542 586 694 680 impedire
721 527 802 665 llino
825 606 885 644 non
906 595 1037 663 repugnat

110 667 255 727 'eumdem
264 667 401 727 effectum
412 669 468 727 sub
479 686 538 725 una
545 667 660 727 ratione
670 680 734 726 osse
741 655 878 726 liliorum
880 679 912 726 et
920 666 1036 735 volitum,

120 756 151 804 et
162 749 220 806 sub
234 748 291 806 alia
304 748 510 807 necessarium
650 800 654 807 .

162 828 222 887 Sed
245 828 329 905 quid,
352 849 376 886 ει
368 828 487 898 homo,
503 827 576 885 dum
589 827 710 886 effectus
725 826 869 904 sequitur,
883 846 945 884 non
958 825 993 883 s1t
1002 844 1037 883 ra
1053 858 1056 863 ·

120 906 209 967 tionis
222 928 352 986 compos,
366 928 403 966 an
417 920 490 967 tunc
513 907 635 967 effectus
656 908 769 967 homini
793 907 996 1001 imputabunt,
1017 914 1040 963 et

122 988 201 1046 erit'
193 1008 224 1045 ιη
239 1008 269 1047 se
292 993 467 1065 peceatum?
493 990 586 1047 Casus
610 988 666 1047 sit.
695 987 805 1065 aliquis
826 986 894 1057 soit,
922 984 1023 1064 qnod
1016 1005 1041 1043 η

122 1068 263 1127 ebrietate
287 1069 406 1127 soleat
394 1088 496 1148 Jurare
509 1080 540 1127 et
561 1068 777 1146 blasphemare,
803 1077 834 1125 et
846 1066 1055 1125 voluntariiss-

122 1147 298 1207 inebriavit·
289 1149 488 1226 ‚juramenta‚
513 1158 543 1206 et
566 1148 782 1227 blasphemius
773 1168 806 1205 ru
820 1146 1042 1206 ebrietatem·

122 1227 221 1298 missa,
242 1249 279 1288 an
293 1241 381 1288 erunt
394 1229 426 1287 in
440 1249 471 1287 se
484 1233 627 1306 peccata?

166 1309 226 1370 ΙΙΙ
260 1311 294 1368 R.
324 1311 482 1368 Affirmant
505 1310 614 1378 Gonet,
636 1307 901 1379 Billuart,Collot‚
923 1305 1045 1385 etoquia

120 1388 208 1466 juxta
221 1390 301 1484 ipsos
315 1389 353 1447 ad
372 1401 528 1468 peccatum
553 1391 584 1448 in
612 1409 652 1455 se,
674 1389 781 1447 suffieit
803 1388 1003 1447 voluntarium
1021 1396 1061 1447 e

123 1469 273 1529 liberum
264 1490 297 1528 ιη
311 1489 416 1530 eausa:
440 1469 503 1547 jan
494 1481 616 1529 autem
629 1469 663 1526 in
676 1488 746 1528 cusu
765 1469 823 1527 iste
842 1466 1072 1547 jurameutain
1064 1472 1072 1509 ¹

123 1549 263 1609 ebrietate
287 1551 449 1620 nomnium,
470 1561 541 1608 sunt
563 1549 731 1608 voluntaria
753 1548 914 1608 etlibera
905 1569 938 1607 ua
950 1566 1072 1621 utun,-

123 1649 156 1689 er
177 1651 203 1698 o,
225 1642 280 1691 etc.

155 1650 228 1771 gAlii
238 1711 353 1779 volunt
367 1711 447 1804 quud
461 1709 591 1782 effectus,
612 1710 685 1768 dum
699 1712 835 1789 sequitur
858 1730 895 1768 eo
917 1723 1049 1803 tempore,

124 1807 185 1865 quo
195 1790 284 1848 homo
293 1810 353 1849 non
365 1792 458 1850 utitur
467 1792 590 1862 renone
609 1811 637 1849 v
630 1812 678 1869 ..g
671 1792 719 1848 .in
730 1806 835 1850 somno
843 1801 897 1849 aut
907 1790 1049 1859 ebraeus,

124 1878 197 1929 tunc
208 1873 319 1929 tantum
334 1872 371 1930 sit
380 1883 534 1949 peccatum
543 1872 681 1942 incensa,
694 1872 752 1930 hoo
762 1882 815 1940 est,
828 1871 912 1948 quod
921 1870 1052 1929 malitia

123 1947 208 2009 istius
225 1950 347 2011 effectus
368 1953 556 2021 contraxerit,
581 1952 653 2010 dum
667 1953 767 2044 posuit
780 1971 910 2021 causam,
936 1950 1050 2009 sednon

124 2044 228 2108 peccet
238 2052 293 2110 per
303 2033 449 2101 effectum,
462 2032 532 2091 dum
543 2032 594 2090 ille
605 2033 747 2109 sequitur
791 2033 911 2090 Horum
920 2032 1050 2100 rauoeu,

126 2112 207 2188 qudd
216 2113 254 2170 ad
263 2125 415 2190 peccatum
428 2113 460 2169 in
472 2113 687 2190 se‚requiratur
696 2112 853 2190 proprium
861 2111 1052 2190 liberum,pro

124 2193 263 2267 praesenti
272 2212 332 2251 ηοη
343 2204 386 2253 est
397 2193 482 2263 liber,
494 2193 567 2251 dum
578 2193 699 2251 effectus
710 2193 855 2270 sequitur,
869 2192 953 2269 quod
963 2203 1052 2250 tamen

125 2272 287 2348 requiritur
306 2273 394 2351 juxta
407 2273 486 2332 dicta
500 2273 592 2333 Num.
620 2280 664 2340 17.
687 2292 759 2351 ergo
781 2273 832 2331 ille
856 2272 981 2333 effectus
1001 2290 1053 2330 non

125 2352 223 2428 pptest
237 2373 300 2412 esse
313 2354 344 2411 in
359 2373 390 2412 se
403 2364 568 2448 peccatum.

140 2431 222 2495 ·.'1V
253 2432 411 2512 Quidquid
430 2434 479 2503 sit,
500 2433 530 2490 in
553 2435 610 2493 hoo
636 2453 737 2492 omnes
765 2435 961 2504 conveniunt,
982 2430 1054 2510 quid

126 2510 247 2572 effectus
271 2525 389 2573 secutus
414 2512 492 2609 (ut
484 2534 515 2573 an
537 2533 607 2573 casu
627 2515 797 2593 juramenta
810 2526 839 2572 et
852 2514 1054 2592 blasphemio)

126 2595 195 2653 veri
217 2594 392 2672 imputetur,
416 2606 447 2653 et
466 2596 497 2652 in
512 2595 694 2654 confessione
711 2595 837 2688 exprimi
829 2594 979 2655 'adebeat
970 2593 1057 2672 ηοη

125 2671 192 2749 ipse
204 2694 274 2733 oum
288 2675 487 2735 voluntario'
478 2695 511 2733 111
527 2695 616 2734 causa
634 2675 787 2734 constituit
801 2694 895 2732 unum
910 2675 1055 2752 integrum

110 2819 113 2835 ,
127 2762 157 2810 et
168 2754 257 2812 totale
270 2767 424 2832 peccatum
438 2768 603 2814 externum

169 2833 206 2891 V.
227 2836 307 2895 Nota
321 2846 420 2895 tomen
441 2835 545 2894 falsam
568 2856 630 2894 esse
652 2836 849 2929 quorumdam
872 2835 1055 2894 Laxisuruu

126 2912 305 2990 opinionem,
330 2937 383 2993 qur
374 2916 513 2984 ⁸,docent
541 2915 748 2993 blasphemias,
772 2915 914 2994 perjuria,
940 2924 998 2976 eto
1022 2928 1055 2973 ex

90 3012 93 3017 ·
126 2993 340 3054 eonsuetudane
350 2996 531 3073 1mped1ente
540 2996 686 3055 actualem
694 2996 920 3067 advertentiam
929 3010 1054 3055 nonem

126 3093 206 3133 nova
217 3088 353 3153 peccam:
369 3076 421 3134 sed
434 3077 546 3135 tantiam
555 3097 619 3135 esse
626 3087 747 3153 peccate
757 3077 788 3134 in
799 3096 887 3134 causa
900 3086 1059 3154 generunt!¹

128 3174 250 3232 pravum
270 3156 514 3215 consuetudinem
525 3181 534 3228 ;
559 3157 629 3235 quia
649 3157 694 3214 illi
707 3155 972 3226 consuetudinarii,
996 3157 1072 3225 clm}

128 3235 184 3293 sini
198 3238 245 3295 sui
259 3245 418 3314 compotes,
432 3248 557 3314 possunt
578 3236 703 3314 singulis
720 3237 877 3295 momentis
895 3237 1051 3303 advertere,

126 3334 161 3374 ac
175 3315 296 3394 insuper
309 3317 473 3375 voluntarii
491 3337 608 3375 causam
623 3317 727 3395 'ipsam
742 3338 793 3376 seu
815 3317 1053 3375 consuetudinem
1069 3360 1072 3397 ἓ

126 3397 310 3456 oontinuant
1070 3444 1072 3453 .

167 3478 257 3546 Nota,
271 3477 351 3556 quod
363 3488 518 3555 peceatum
532 3475 675 3537 effeetus
667 3497 697 3534 nn
718 3497 806 3536 causa
829 3476 944 3536 tamdiu
959 3477 1052 3535 sitvo

125 3555 287 3614 luntarium
302 3568 438 3635 respectu
453 3556 613 3616 voluntatis
626 3559 788 3636 presentis,
810 3557 977 3634 quamdiu'
968 3577 1007 3615 un

124 3635 184 3694 dur
196 3647 313 3714 potest
334 3638 387 3696 ubi
401 3641 468 3696 veri
482 3638 620 3714 impediri
633 3638 759 3715 amplius
773 3658 832 3695 non
848 3649 992 3715 potente
976 3653 1052 3695 eeu-

115 3727 170 3833 tus
180 3714 234 3777 ille
245 3738 308 3781 non
322 3718 449 3801 amplius
463 3718 524 3779 diei
535 3730 638 3797 potest
656 3718 853 3785 uoluntarius
872 3718 985 3779 scilieet
1006 3732 1054 3795 pto
