2152 4066
112 110 178 176 wll
481 128 680 174 rasennam

111 273 363 336 considerationis.
396 268 556 348 'ersntum
570 284 725 355 peccatura
740 272 788 347 sit,
817 274 891 335 dum
903 295 990 336 causa
998 296 1044 338 nor

114 366 160 419 est
173 356 329 425 sufficione,
340 353 458 412 dicetur
473 356 562 413 Num.
571 375 632 432 seq.
970 426 972 433 Α
1041 360 1045 369 “
1063 355 1065 360 ’

155 437 175 496 J
177 446 243 494 usta
255 455 342 494 causa
355 434 452 492 facere
465 446 572 511 potest,
588 445 621 493 ut
632 455 706 513 opus
720 434 853 513 aliquod,
870 454 908 494 ex
921 455 984 513 quo
994 456 1045 496 mo·

113 515 318 583 tosoriuntur,
332 533 392 572 non
407 514 520 572 tantirm
531 513 611 573 licite
625 514 792 585 inchoetur,
807 514 861 574 sed
875 515 966 575 etiam
979 516 1046 579 licia
1068 510 1075 519 ’

118 595 325 653 continuetur:
338 604 368 652 et
380 591 423 651 ita
431 594 633 653 confessarius
643 615 680 655 ex
694 592 846 655 auditione
857 595 1047 663 confessionis

114 673 348 751 eoepercipiens,
362 692 423 731 non
437 672 506 732 ideo
518 676 557 732 ab
567 675 718 734 auditione
729 676 880 734 abstinere
892 673 993 745 debet,
1007 676 1046 737 sat
1068 708 1070 723 ÷

110 755 222 832 justam
246 753 336 812 habet
357 754 566 830 perseverandi
590 755 733 813 rationem
744 779 754 827 ς
776 755 867 812 modd
887 764 991 813 tamen
1003 755 1046 833 ipsi
1065 748 1075 807 i

114 844 215 892 motus
225 832 269 891 illi
282 852 400 911 semper
410 833 596 912 displiceant,
609 854 665 894 nec
678 835 748 894 inde
761 835 875 894 oriatur
886 834 1044 913 proximan

116 913 281 991 periculum
292 913 458 972 consensis.

155 995 239 1052 Dum
252 997 321 1052 veni
335 993 403 1071 quis
417 992 480 1051 siue
503 993 586 1072 justa
610 1012 695 1052 causa
708 993 821 1072 aliquid
835 993 920 1067 facit,
950 1015 987 1053 ex
1001 1015 1045 1073 quo
1064 984 1075 1061 Ῐ

113 1073 159 1133 illi
170 1084 270 1132 motus
286 1075 432 1141 oriuntur,
447 1072 562 1132 etiamsi
573 1072 633 1132 illis
646 1075 770 1144 resistat,
790 1083 896 1153 peccat
904 1096 915 1146 ;
942 1076 1045 1153 quando
1073 1144 1075 1149 ¹

114 1152 195 1212 enim
204 1172 265 1211 non
279 1154 362 1212 adest
370 1154 453 1230 justa
463 1172 559 1224 cause,
571 1155 609 1212 ob
619 1173 706 1231 quam
717 1154 783 1231 quis
794 1155 889 1232 possit
901 1174 935 1214 se
949 1155 987 1213 ad
993 1155 1045 1217 illos

115 1233 224 1291 habere
238 1232 421 1308 permissive,
442 1244 540 1292 motus
568 1233 613 1291 illi
639 1244 816 1313 reputantur
838 1233 999 1294 voluntarii
1020 1236 1044 1295 in
1067 1236 1074 1305 ξ

117 1332 214 1382 musa,
223 1314 325 1391 sicque
336 1313 595 1392 suntculpabiles.

132 1473 172 1532 N.
185 1480 253 1532 113.
295 1472 352 1533 DE
374 1474 625 1535 GRAVITATE
647 1473 827 1534 Pacem
850 1474 1035 1536 MOTUUli
1066 1538 1069 1543 .

389 1554 780 1614 CONCUl'lSCENTIAE.
1061 1596 1064 1603 -

119 1714 144 1770 1.
165 1711 264 1770 Motus
276 1711 443 1789 sufficienter
468 1711 619 1773 volontarii
642 1720 708 1770 sunt
733 1711 871 1771 moriolea
915 1712 958 1774 ll.
985 1700 1074 1773 Por*

157 1798 221 1850 mni
241 1809 301 1847 erse
325 1790 445 1850 aristes
468 1792 502 1850 ob
527 1789 788 1850 indeliberotioaem.
832 1792 892 1852 111.
911 1792 1005 1852 Motae
1020 1812 1048 1852 er

157 1888 244 1929 cosso
258 1868 363 1926 veniali
374 1879 441 1927 sant
449 1874 540 1948 juata
565 1868 673 1948 aliquos
696 1879 803 1928 tontum
828 1870 961 1929 oeniakr.
1001 1873 1049 1932 IV.

158 1949 248 2010 Juoao
275 1946 347 2006 alios
372 1958 437 2007 suat
468 1949 620 2023 mortales}
667 1949 704 2007 V.
731 1947 890 2007 Moderatio
917 1950 1050 2031 utriusque

158 2029 307 2085 sententio.
348 2029 402 2086 vl.
419 2028 544 2086 Solvitur
558 2025 778 2104 fundamentum
801 2030 931 2087 secundo
952 2038 1050 2088 senten·

159 2107 214 2165 tira-
255 2107 328 2165 Vll.
354 2107 451 2165 Motus
469 2106 512 2164 itti
535 2105 717 2183 porsnotdioi
730 2107 853 2165 veniales
870 2108 905 2166 ob
930 2109 1051 2167 indelibe-

160 2185 302 2244 rationem.

162 2344 391 2405 COMMUNIS
406 2344 551 2402 sententia
560 2344 647 2402 docet
659 2363 719 2401 non
730 2343 793 2401 dari
807 2344 987 2421 parvitatem
1000 2364 1053 2404 rna·

121 2426 202 2485 teriae
216 2425 247 2479 in
260 2444 293 2481 re
307 2443 432 2482 venerea
445 2437 528 2482 extra
540 2425 757 2483 matrimonium
768 2424 953 2483 sufficientur
963 2425 1056 2485 volita.
1075 2457 1076 2462 κ

122 2505 200 2562 Vide
213 2503 378 2560 Numerum
393 2512 460 2562 283.
477 2511 496 2537 “
512 2505 550 2561 de
570 2505 807 2581 Temperantia.”
1066 2510 1071 2525 '

164 2587 187 2643 1.
212 2583 317 2659 ltaque
330 2592 426 2641 motus
441 2583 486 2641 illi
499 2595 569 2643 sunt
578 2584 740 2643 mortaliter
753 2583 833 2653 mali,
860 2585 984 2662 quando
996 2598 1051 2645 suut
1063 2598 1072 2657 J

123 2666 232 2723 directe
248 2663 295 2720 vel
305 2661 390 2720 aliter
401 2665 576 2722 sufficienter
596 2664 764 2732 voluntarii,
777 2663 849 2722 item
863 2664 938 2722 dum
951 2667 1049 2742 praebe·
1062 2672 1073 2685 “’

123 2756 172 2803 tur
187 2744 228 2800 eis
243 2762 411 2810 consensus,
423 2744 471 2803 vel
483 2743 593 2802 morale
605 2744 771 2821 periculum
786 2746 949 2802 consensus
962 2744 1048 2817 adesa
1074 2778 1075 2783 κ

123 2824 204 2882 unde
216 2834 340 2898 possunt
351 2826 469 2882 tantum
480 2844 544 2882 esse
557 2823 710 2882 venialiter
724 2823 794 2881 mali
807 2840 845 2881 ex
862 2822 1048 2883 indeliberati·
1073 2851 1075 2854 ·

124 2924 179 2962 one
193 2903 314 2962 rationis
329 2902 425 2960 velex
440 2904 662 2981 imperfectione
677 2903 844 2962 voluntarii.

165 2985 207 3042 11.
222 2982 311 3054 Quid
324 2983 438 3058 possint
450 3004 513 3042 esse
527 2984 681 3042 venialiter
697 2986 814 3041 tantum
828 2982 899 3041 mali
909 3003 948 3042 ex
961 2982 1049 3043 indeli-

124 3063 276 3123 beratione
296 3063 428 3132 rationis,
450 3064 531 3141 apud
544 3084 646 3122 omnes
667 3073 781 3122 certum
795 3073 852 3122 ests
875 3076 976 3123 motus
988 3064 1076 3186 eninp

126 3143 358 3219 secundi-primi
373 3153 442 3200 sunt
462 3143 576 3202 tantiam
595 3153 717 3222 peccata
730 3142 856 3201 venmlia
871 3143 963 3222 juxta
977 3145 1051 3203 Num
1068 3190 1076 3268 ι

168 3304 280 3361 Pariter
291 3312 403 3360 certum
411 3313 465 3372 est,
479 3303 561 3380 qudd
575 3304 599 3361 si
609 3313 707 3361 motus
717 3302 778 3361 siut
789 3311 907 3361 tantum
929 3303 1051 3361 volunta·
1069 3271 1076 3346 l

126 3384 163 3441 rii
175 3384 204 3439 in
216 3403 312 3450 causa,
327 3401 393 3458 qum
407 3402 495 3441 causa
508 3385 546 3441 ob
557 3382 831 3441 indeliberationem
841 3394 888 3440 est
901 3381 997 3440 soldm
1014 3402 1055 3440 aa·

126 3463 244 3523 nialiter
257 3462 333 3520 mala
347 3462 414 3538 ipsi,
439 3465 526 3520 etiam
550 3483 610 3521 non
625 3464 685 3520 sint
706 3462 775 3539 plus
801 3463 892 3538 quim
914 3462 1053 3521 venialiter
1073 3462 1076 3508 l

127 3543 193 3601 mali
202 3544 290 3619 juxta
303 3542 382 3599 dicta
399 3544 424 3599 N
429 3563 488 3599 am.
499 3541 549 3601 26.
561 3544 630 3601 hinc
642 3562 670 3599 v.
684 3562 714 3616 g.
726 3553 823 3600 motus
834 3552 955 3603 secutus
965 3560 1001 3599 ex
1011 3541 1053 3599 ali·
1074 3512 1076 3635 l

125 3644 186 3703 quo
197 3623 304 3680 aflectu
318 3621 497 3692 inordinato,
510 3622 565 3679 sed
575 3643 637 3680 non
646 3623 715 3680 satis
727 3621 900 3690 deliberato,
914 3641 976 3679 non
997 3640 1055 3679 con·

117 3705 222 3765 stituit
235 3714 399 3783 peccatum
415 3703 557 3768 mortale,
570 3705 596 3760 si
615 3702 706 3769 ratio,
725 3699 819 3754 samm
827 3709 921 3771 amne
930 3717 985 3755 eos
989 3699 1067 3769 alent

109 3788 264 3859 advertit,
279 3786 341 3846 illis
355 3785 484 3845 resistat
496 3795 530 3843 et
541 3777 770 3842 causamtollat

7 3904 22 4010 p
147 3871 327 3950 Praecipua
337 3867 516 3930 difficultas
531 3856 708 3942 susper'ests
720 3852 1052 3929 09²3me
1075 3865 1076 3872 ’
