2152 4066
385 107 431 150 na
447 106 617 150 raconem
908 91 973 154 346

12 274 17 279 ·
70 251 127 311 v1.
153 250 324 325 Inflantur,
365 250 437 310 tn.
459 250 498 308 Et
523 251 753 330 concupiscentia.
797 251 884 312 Vlll.
910 254 973 312 Per

69 331 131 389 lsoec
144 330 318 390 amotam
340 337 381 387 eat
403 331 433 388 in
461 329 644 391 naturalibus.
687 330 743 392 lx.
772 331 920 412 originale
941 333 970 390 in

66 407 366 486 omnibuseatoequole
379 409 472 489 quoad
481 407 619 483 formale.
662 411 700 469 X.
716 413 779 471 Noa
801 412 893 502 moad
914 432 974 470 mo·

12 514 26 549 :
66 489 179 548 teriole.
205 486 278 625 Xm.
293 486 383 548 Pana
394 487 503 567 peccati
514 487 664 564 originalis
677 489 707 549 ia
719 492 774 551 hoc
786 498 852 550 oda.
896 492 969 552 XII.

12 596 26 617 .-
68 569 233 646 Injutar.

11 760 19 793 :
66 727 183 801 QUIN
185 726 249 786 AM
263 736 333 786 sunt
343 727 465 788 effectus
477 726 592 806 peccati
605 727 776 806 originalis?

11 822 14 850 ³
67 808 94 867 1.
113 811 148 868 lt
164 805 322 868 Inimicitia
340 809 410 881 Dei,
425 820 455 868 et
465 820 563 867 reatus
576 828 673 887 poenae
686 820 811 869 aterne.
853 812 972 872 Deinde

19 906 61 948 ex
76 885 413 966 subtractionejustitioe
423 888 584 968 originalis,
599 909 665 968 quae
678 900 723 949 est
736 888 857 951 effectus
867 892 970 952 imme·

19 968 129 1031 diatus
143 964 257 1050 peccati
283 970 407 1028 actualis
433 969 552 1038 Adami,
581 969 662 1048 quod
683 971 815 1030 omnium
837 982 971 1031 nostrum

11 1053 215 1122 censebatur,
229 1050 411 1109 resultarunt
423 1051 527 1109 animae
541 1050 674 1122 vulnera,
688 1070 776 1120 mors,
789 1052 895 1123 morbi,
918 1053 971 1119 do·

11 1128 107 1192 lores
119 1132 230 1210 aliique
241 1125 376 1190 defectus
389 1131 565 1208 corporales,
578 1130 651 1189 item
663 1131 787 1190 rebellio
799 1131 969 1202 bestiarum,

11 1228 58 1268 nc
71 1212 255 1290 omniaque
269 1207 286 1264 ὲ
300 1210 383 1281 celo,
397 1220 486 1282 terra,
501 1223 556 1271 etc.
570 1210 710 1288 patimur.

62 1291 155 1364 Quid
167 1303 237 1352 sunt
246 1291 352 1350 animae
365 1291 511 1351 vulnera?

64 1371 113 1430 11.
126 1375 163 1435 R.
178 1382 248 1432 sunt
261 1371 398 1450 quedam
421 1371 575 1432 destitutio
588 1370 701 1431 ordinis
721 1370 760 1430 ad
774 1371 915 1431 virtutem
938 1371 968 1430 in

10 1453 170 1530 potentiis
183 1453 297 1512 anima.

64 1533 155 1606 Quot
166 1544 237 1593 sunt
255 1532 513 1592 vulneraanimae?

65 1612 130 1671 111.
146 1616 180 1673 R.
196 1615 341 1688 Quatuor,
356 1612 463 1673 scilicit
477 1612 653 1691 ignorantia,
673 1612 795 1684 malitia,
816 1613 970 1671 infirmitas

21 1703 54 1752 et
69 1693 320 1772 concupiscentia,
333 1713 399 1770 quae
414 1696 430 1752 t
445 1694 475 1753 S.
490 1695 570 1769 Aug.
597 1712 674 1770 saepe
687 1692 726 1751 ad
737 1694 807 1752 Duo
820 1693 968 1752 reducun-

22 1783 87 1843 tur,
102 1773 216 1834 scilicet
228 1774 267 1833 ad
281 1774 477 1853 ignorantiam
491 1783 521 1831 et
531 1772 751 1844 difficultatem
776 1783 971 1852 opponuntur

22 1864 128 1913 autem
139 1854 203 1914 haec
216 1854 340 1914 vulnera
353 1865 481 1931 quatuor
495 1853 656 1912 virtutibus
680 1853 888 1912 cardinalibus.

66 1935 124 1994 lv.
142 1935 314 2014 Ignorantia
327 1933 509 1993 intellectum
520 1933 622 1992 multis
645 1932 745 1992 reddit
758 1933 906 1992 erroribus
915 1935 969 1992 ob·

26 2015 160 2085 noxium,
178 2015 248 2075 item
263 2013 421 2086 curiosum,
434 2034 545 2092 vagum
558 2033 593 2072 ac
608 2014 738 2093 seipsum
749 2013 887 2073 cohibere
899 2034 968 2072 nes·

28 2114 118 2155 crum.

66 2177 105 2235 V.
121 2176 246 2248 Malitia,
264 2197 331 2256 quae
353 2185 398 2236 est
411 2175 520 2235 vulnus
534 2175 705 2246 voluntatis,
720 2194 784 2234 eam
798 2174 836 2232 ad
859 2174 968 2232 malum

29 2275 152 2335 pronam
165 2257 274 2327 reddit,
299 2258 341 2316 ita
360 2268 395 2316 ut
416 2256 573 2335 &pueritia
595 2264 695 2314 nostra
716 2254 846 2335 ultrbgad
858 2254 970 2312 malum

30 2336 219 2416 propendeat,
233 2349 264 2397 et
277 2337 433 2414 discipline
455 2338 506 2397 vix
526 2335 653 2395 coerceri
664 2334 770 2393 valeat.

67 2418 124 2475 Vl.
140 2416 300 2476 Infirmitas
313 2418 399 2475 estin
411 2418 547 2496 appetitu
556 2415 705 2485 irascibili,
716 2434 844 2491 eumque
857 2414 887 2471 in
901 2412 971 2471 ard·

36 2496 74 2557 uis
87 2498 264 2577 superandis
275 2508 305 2557 et
313 2498 441 2556 vitandis
452 2497 580 2556 debilem
591 2495 699 2567 reddit,
707 2515 768 2574 quo
781 2495 823 2565 fit,
836 2504 869 2553 ut
879 2493 971 2552 bomo

33 2576 112 2638 mile
126 2578 257 2638 adversis
271 2579 451 2638 succumbat

66 2658 141 2716 VII.
164 2659 410 2737 Concupiscentia
432 2677 491 2718 non
516 2657 644 2716 sumitur
665 2656 715 2715 hic
728 2656 891 2733 generatim
912 2674 970 2732 pro

35 2737 172 2797 materiali
185 2740 299 2817 peccati
314 2739 482 2816 originalis:
505 2737 546 2796 sic
559 2738 638 2795 enim
658 2737 756 2795 omnia
769 2746 896 2813 quatuor
905 2733 968 2793 ani·

32 2837 81 2879 mae
92 2817 218 2878 vulnera
231 2819 454 2898 complectitur:
479 2817 531 2877 sed
549 2817 675 2877 sumitur
689 2816 851 2895 speciatim,
879 2825 969 2894 prout

30 2897 147 2977 respicit
157 2899 322 2978 appetitum
336 2899 509 2957 sensitivum
523 2907 558 2956 ut
570 2897 841 2975 concupiscibilem,
865 2916 965 2972 quem,

25 2976 55 3035 in
64 2979 281 3057 persequendis
294 2979 379 3039 bonis
389 2977 579 3038 sensibilibus
585 2989 686 3036 contra
696 2976 830 3037 ordinem
845 2976 966 3034 rationis

22 3059 124 3118 reddit
144 3060 314 3138 proclivem.

62 3141 155 3200 Vlll.
172 3143 218 3199 Ex
232 3140 279 3199 his
293 3139 466 3199 vulneribus
479 3138 564 3199 facilc
578 3136 766 3216 intelligitur,
785 3135 865 3213 qudd
878 3135 967 3193 homo

17 3235 84 3279 non
95 3221 206 3279 tantbm
219 3221 257 3280 sit
264 3221 408 3298 spoliatus
419 3219 702 3298 supernaturalibus,
721 3216 870 3276 sedetiam
881 3215 971 3273 laesus

17 3297 54 3358 in
63 3301 261 3371 naturalibus,
271 3301 413 3378 quatenus
423 3299 564 3360 naturalis
571 3295 968 3375 inclinatiopotentiarumad

16 3377 136 3439 bonum
149 3402 201 3440 seu
214 3380 354 3440 virtutem
364 3390 408 3440 est
418 3380 574 3449 diminuta,
594 3389 628 3438 ut
640 3379 682 3438 ait
696 3379 726 3437 S.
740 3375 847 3436 Thom.
862 3385 966 3452 quaest.

20 3467 71 3520 85.
86 3471 142 3520 art.
159 3471 185 3520 1.
199 3463 273 3521 adeo
284 3472 318 3520 ut
330 3461 420 3519 homo
430 3460 516 3519 modd
530 3461 569 3520 sit
582 3461 613 3518 in
626 3458 721 3538 p'ejori
735 3467 823 3524 statu,
838 3459 925 3532 quam
941 3456 964 3514 si

18 3541 162 3600 conditus
176 3542 280 3601 fuisset
293 3541 323 3598 in
332 3541 416 3620 puris
424 3540 629 3601 naturalibus:
642 3537 724 3617 quod
737 3536 919 3614 significatur
933 3536 965 3593 in

19 3621 165 3698 parabola
179 3623 252 3681 Luc.
258 3641 322 3699 cap.
336 3629 383 3680 10.
393 3621 444 3680 ubi
454 3622 544 3680 bomo
552 3619 734 3679 descendens
747 3616 785 3676 ab
799 3615 965 3677 Jerusalem

17 3701 50 3757 in
63 3701 190 3761 Jericlro
198 3701 377 3779 perhibetur
390 3701 533 3782 spoliatus
546 3712 577 3762 et
586 3698 776 3760 vulneratus:
789 3696 968 3755 undebomo

8 3775 40 3830 in
54 3789 135 3837 stata
148 3792 266 3839 naturae
277 3781 380 3860 lapse,
397 3784 500 3848 differt
513 3785 554 3845 ab
566 3781 705 3855 homine,
718 3779 775 3861 qur
783 3778 822 3838 'm
833 3786 918 3836 statu
925 3793 985 3829 ua-

9 3869 77 3912 urae
85 3875 174 3933 pure
184 3873 352 3937 crearetur,
369 3867 453 3929 sicut
464 3868 621 3952 spoliatus
631 3887 668 3930 ac
678 3861 895 3929 vetuerunt
904 3851 1010 3911 nubc-
