2160 4072
329 108 375 155 uu
392 108 536 154 accisus
552 108 723 156 nonaum.
934 93 999 161 257

57 254 95 316 N.
106 263 155 317 81.
198 254 258 317 DE
273 253 630 315 CIRCUMSTANTIA
651 254 747 327 CUR,
769 255 850 317 SEU
866 252 1001 332 FINIS⁴

317 415 348 473 S.
366 413 466 473 Thom.
476 422 572 492 quoeat.
585 421 631 475 18.
646 425 703 476 art.
715 422 743 474 4.

269 577 292 636 Ι.
308 576 370 636 Cur
382 573 623 653 siguificatfiacm
636 574 789 654 ρρεναηίὶε.

93 736 203 813 QUID
217 734 397 813 intelligitur
406 752 460 812 per
475 734 728 795 circumstantiam
744 742 765 771 “
773 738 867 797 cur?”
985 704 990 717 ⁸

96 819 121 878 l.
141 821 177 879 R.
192 815 277 877 Finis
290 815 438 894 operantis
452 814 641 875 accidentalis
655 826 685 874 et
698 816 883 877 extrinsecus
903 820 994 896 operi.

58 894 185 959 Vocatur
205 896 269 955 haec
280 895 495 955 circumstantia
507 897 524 954 a
539 895 570 955 S.
582 896 638 954 Tb.
656 903 810 976 “propter
824 898 927 976 qnid.''

95 979 178 1039 Finis
187 977 285 1055 operis
297 986 413 1037 nonest
426 975 657 1046 circumstantia,
669 988 704 1035 ut
713 976 828 1037 dietum
838 990 885 1038 est
896 981 936 1041 N.
946 978 996 1040 62.

57 1058 106 1119 ted
119 1058 262 1119 coincidit
273 1076 340 1117 cum
356 1056 420 1134 ipso
433 1055 560 1134 objecto,
583 1068 613 1115 et
626 1057 678 1115 dat
691 1057 818 1135 primam
832 1059 996 1121 bonitatem

59 1151 105 1200 aut
112 1139 271 1199 malitiam:
284 1138 326 1198 sic
332 1136 362 1194 in
366 1136 482 1215 jejunio
490 1135 557 1195 finis
565 1137 663 1214 operis
674 1148 719 1196 est
724 1140 883 1197 maceratio
888 1141 995 1211 carnis,

60 1230 86 1281 st
94 1219 183 1279 habet
195 1218 339 1277 rationem
349 1216 470 1294 objecti3
482 1216 507 1274 si
518 1227 618 1275 autem
627 1217 779 1296 jejunium
789 1218 864 1278 illud
874 1219 996 1280 ulteriis

60 1300 199 1361 uferatur
213 1298 352 1357 adfinem
366 1295 565 1356 satisfaciendi
585 1299 792 1375 propeccatis,
806 1297 856 1359 hic
870 1311 915 1358 est
929 1300 996 1360 finis

61 1382 202 1460 operantis
215 1391 245 1436 et
259 1376 487 1445 circumstantia,
501 1376 520 1435 a
534 1397 593 1454 qua
602 1377 750 1457 jejunium
766 1379 928 1438 bonitatem
942 1381 995 1439 ali·

60 1478 153 1539 quam,
164 1459 325 1520 secundam
338 1476 446 1535 nempe
456 1466 487 1514 et
500 1456 721 1529 accidentalem,
737 1458 875 1519 desumit.

93 1538 175 1613 Quid
186 1559 269 1618 ergo,
283 1538 390 1616 siquis
402 1536 569 1617 jejunando
582 1538 719 1597 intendat
730 1538 827 1617 ipsam
840 1541 994 1600 macerati·

61 1636 138 1679 onem
152 1622 250 1681 earnis
262 1639 318 1697 pro
330 1619 399 1689 fine,
412 1637 450 1676 an
464 1629 535 1677 tunc
546 1616 612 1677 finis
625 1618 677 1677 ille
690 1619 839 1697 operantis
851 1639 904 1679 seu
912 1621 994 1701 jeju.

63 1700 149 1761 omns
158 1700 324 1780 pertinebit
333 1697 372 1758 ad
385 1699 640 1757 circumstantiam
655 1706 737 1759 “cur
746 1701 779 1760 ?''

96 1782 128 1841 R.
140 1784 167 1840 N
170 1781 288 1860 egativl
298 1802 308 1852 3
323 1777 376 1839 sed
388 1789 461 1838 tuuc
475 1779 541 1837 linis
551 1779 648 1854 operis
659 1781 715 1839 erit
726 1780 816 1839 simul
826 1781 914 1840 etiam
925 1782 992 1844 linis

63 1862 209 1938 operuistis,
225 1860 288 1920 sive
307 1860 374 1919 finis
396 1859 493 1937 operis
515 1869 545 1917 et
559 1858 626 1918 finis
640 1861 789 1938 operantis
803 1862 991 1923 coincident:

53 1952 148 2019 mosset
173 1953 274 2002 tamen
294 1942 361 2000 talis
385 1939 452 1998 finis
479 1957 531 1997 seu
558 1939 683 1999 intentio
704 1939 755 1999 illa
776 1941 911 2018 specialis
924 1942 992 2001 finis

53 2023 146 2098 &opem
155 2024 306 2102 pertinere
319 2022 357 2081 ad
369 2019 620 2089 circumstantiam
635 2028 654 2055 “
663 2020 841 2097 quomodo.''

53 2152 55 2163 .
359 2099 689 2163 COROLLARIUM.

53 2208 55 2221 ¹
82 2182 285 2253 lOANNES,
294 2179 544 2249 custosEcclesiae,
555 2178 606 2237 diu
614 2180 914 2241 intendeusfomioari
923 2202 993 2243 cum

53 2238 147 2351 llum,
161 2264 307 2321 violenter
320 2262 400 2340 rapit
412 2262 428 2320 ὲ
442 2260 579 2334 manibus
595 2261 722 2321 Pastoris
732 2263 767 2329 in,
779 2263 922 2334 Ecclesia,
937 2264 992 2322 ad.

62 2332 151 2403 libitis
175 2345 272 2415 sociis,
298 2342 427 2402 Calicem
448 2360 570 2398 aureum
586 2336 800 2413 consecratum,
824 2353 859 2401 ut
883 2342 992 2402 habeat

60 2425 190 2493 Pecuniam
204 2424 242 2482 ad
254 2422 462 2482 fornicandum
477 2439 545 2478 cum
557 2419 629 2494 illa3
647 2423 718 2481 inde
731 2433 829 2482 autem
844 2422 887 2492 fit,
910 2424 992 2500 quod

55 2504 177 2583 populus
191 2504 240 2562 die
256 2505 345 2563 Festo
359 2520 420 2562 uon
433 2501 526 2577 possit
536 2500 640 2560 audire
652 2503 790 2562 missam:
805 2502 865 2572 dic,
877 2514 951 2580 quot
962 2512 992 2562 et

53 2592 113 2655 que
125 2585 158 2643 in
172 2584 231 2644 hoc
241 2604 310 2644 casu
320 2581 547 2643 circumstantiae
558 2580 777 2653 interveniant?

86 2665 122 2725 R.
138 2663 253 2724 Omnes
273 2673 404 2744 septem:
419 2661 561 2721 nimirum
574 2667 594 2695 “
603 2660 698 2740 quis,''
711 2671 810 2722 custos
825 2662 967 2723 Ecclesia
979 2688 990 2738 3

52 2738 68 2771 '⁸
79 2744 184 2823 quid,”
193 2746 306 2805 ratione
317 2741 499 2824 quantitatis,
510 2741 591 2819 quod
603 2743 687 2802 Calix
696 2744 734 2803 sit
742 2762 861 2814 aureus3
877 2745 991 2805 ratione

52 2825 208 2897 qualitatis
219 2826 300 2897 qulul
306 2827 344 2884 sit
353 2834 549 2891 consecratus,
560 2833 592 2881 et
601 2824 715 2883 ratione
725 2822 894 2894 effectuum,
909 2826 991 2902 quld

52 2907 176 2985 populus
199 2906 336 2982 privetur
359 2906 468 2966 Sacros
491 2901 602 2971 “ubi’'
625 2904 656 2962 in
680 2903 828 2964 Ecclesia:
852 2906 991 2983 “quibus

51 2982 229 3056 “auxiliiaj’
249 2986 402 3045 adhibitiis
426 2982 532 3044 sociis:
558 2989 670 3055 “cur-,¹¹
692 2984 733 3044 ad
760 2983 989 3047 fornicandem:

51 3060 257 3145 “quomoda''
271 3067 431 3127 violenter:
448 3073 468 3101 “
479 3062 628 3141 quando,''
639 3063 769 3143 jamdiu
783 3065 948 3124 intendens.

74 3229 112 3285 n.
130 3234 179 3288 aa.
223 3229 281 3287 uu
298 3229 412 3289 acuu
428 3223 737 3366 {ssfflfflo
757 3225 818 3285 nu
830 3192 968 3283 aruum

51 3463 70 3526 l.
91 3470 181 3531 Actus
193 3464 282 3529 taius
296 3468 402 3528 relatus
414 3468 454 3527 od
467 3464 551 3535 finem
563 3463 663 3524 bonam
676 3473 716 3523 est
730 3462 877 3543 dupliciter
893 3462 990 3521 bonus.

84 3549 126 3609 11.
141 3550 252 3610 Salutio
263 3547 432 3626 objectionis.
474 3543 533 3604 ΙΙΙ.
564 3544 600 3604 Si
615 3544 678 3618 fiat
700 3563 734 3603 ec
753 3543 851 3603 motivo
861 3541 989 3620 plurium

83 3631 225 3689 virtutum.
268 3627 322 3686 1v.
345 3626 533 3688 Corollariam
542 3625 712 3703 practicam.

50 3784 236 3922 ORQUerIS
248 3795 294 3865 est
305 3796 392 3848 actus
406 3807 444 3848 ex
459 3787 583 3870 objecto
601 3787 721 3865 bonus,
732 3786 858 3851 relatus
870 3783 916 3846 ab
924 3779 1025 3839 bum

86 3880 134 3918 ΗΠ]
543 3891 562 3932 2
586 3879 608 3933 3
