2152 4066
377 114 423 159 us
447 112 690 192 conseri-:uara
788 140 790 144 -
944 91 1010 158 417

104 258 181 319 Vll.
202 256 457 319 6⁰.'lmmoderata
466 258 630 330 austeritas,
645 276 712 337 qua
726 274 834 336 eorpus
843 255 1012 316 etanimam

59 335 203 400 infirmat

103 418 194 479 v111.
215 420 318 479 Causae
330 419 499 480 extrinseca
520 428 590 479 sunt
603 429 774 497 sequentes:
798 416 837 478 1⁰.
849 418 1011 477 Conversa-

59 497 107 559 tio
120 517 190 558 cum
204 497 404 578 scrupulosis;
426 518 494 558 nam
505 499 537 558 hi
547 519 602 578 per
615 499 745 559 actiones
758 508 789 560 et
801 496 947 577 colloquia
960 515 1014 567 sua

59 576 240 657 scrupulosa
250 579 426 657 imprimunt
447 579 522 649 aliis,
537 579 715 658 quibuscum
730 586 951 648 conversantur,
973 576 1011 636 si-

59 658 148 718 milia
164 657 278 737 judicia
291 679 431 719 erroneae
458 659 642 719 conversatio
655 658 743 718 etiam
757 680 824 720 cum
838 656 931 721 laxisz
946 656 1012 716 edm

59 738 145 798 enim
159 738 278 798 difficile
291 740 338 810 sit,
349 741 424 799 inter
438 739 521 799 laxos
530 740 572 800 ita
592 759 623 798 se
635 759 750 817 gerere,
770 751 805 799 ut
831 739 862 798 in
885 735 968 796 nulla
980 756 1013 799 re

60 830 168 878 eorum
186 819 357 880 laxitatibus
372 821 598 887 consentiamus,
617 819 689 879 hinc
707 820 847 880 continua
868 816 960 876 dubia
972 836 1012 876 an

61 894 109 969 iis,
133 919 199 977 qua
208 899 241 958 in
255 900 307 960 tali
321 901 469 959 consortio
492 899 568 960 vidit
582 900 629 960 vel
642 899 766 972 audivit,
784 919 845 959 non
859 917 1013 958 consense-

61 978 114 1050 rit,
125 999 164 1038 au
176 980 367 1040 necessariam
381 980 596 1059 correptionem
606 999 669 1039 non
680 980 820 1048 omiserit,
835 989 892 1038 etc.

87 1060 161 1119 ix.
181 1058 222 1119 2⁰.
245 1061 350 1120 Lectio
363 1061 508 1120 librorum
528 1060 779 1138 scrupulosorum,
800 1056 947 1119 ueletiam
957 1057 1010 1116 ali·

62 1157 161 1210 orum,
170 1139 223 1217 qui
236 1159 297 1198 non
310 1141 380 1201 satis
392 1151 596 1218 penetrantur.

103 1217 147 1279 3⁰.
169 1220 294 1279 Daemon
308 1220 488 1300 quandoque
508 1221 657 1280 hominem
672 1221 820 1299 scrupulis
832 1231 936 1280 uexat:
958 1238 1011 1297 pc·
1047 1214 1057 1225 ’

65 1308 122 1358 test
136 1299 215 1358 enirn
229 1320 413 1361 commovere
423 1301 563 1360 humores
581 1302 722 1379 corporis,
735 1312 945 1380 representare
959 1303 1010 1357 va·

63 1379 107 1438 ria
136 1379 252 1460 objecta
270 1381 443 1459 phantasiae,
464 1383 592 1441 excitare
616 1381 714 1440 varios
739 1392 838 1440 motus
865 1377 1011 1459 appetitui

61 1469 130 1519 tum
144 1460 377 1538 concupiscibili,
391 1473 456 1521 tum
481 1460 622 1521 irascibili
634 1472 691 1520 etc.
712 1471 802 1540 atque
815 1461 856 1520 ita
867 1460 1010 1519 indirecte

60 1540 189 1610 efficere,
210 1550 245 1600 ut
258 1541 393 1620 scrupuli
405 1542 547 1601 oriantur.

102 1621 144 1679 X.
166 1619 206 1679 4⁰.
222 1621 362 1699 Denique
374 1622 530 1700 permissio
544 1623 613 1693 Dei,
628 1621 680 1699 qui
694 1621 855 1681 secundum
876 1620 1010 1680 ordinem

58 1699 259 1777 providentia
276 1722 336 1761 sua
351 1701 506 1781 scrupulos
516 1722 575 1761 non
589 1720 740 1780 nunquam
748 1700 904 1780 permittit,
918 1700 966 1760 vei
980 1700 1013 1758 in

58 1779 228 1840 vindictam
238 1781 306 1841 vitas
318 1781 478 1859 dissoluta,
492 1802 582 1860 quam
595 1782 688 1859 aliqui
703 1783 734 1841 in
745 1782 905 1862 juventute
918 1779 1012 1839 duxe-

58 1870 147 1932 runt,
162 1860 210 1920 vel
223 1861 265 1920 ad
276 1861 491 1921 refraenandum
503 1863 617 1940 peccati
636 1862 813 1931 libertatern,
827 1861 876 1920 uel
889 1860 927 1920 ad
942 1878 1013 1921 conr

59 1939 219 2001 scientiam
242 1943 466 2021 expurgandam
488 1962 542 2021 per
563 1943 662 2022 spinas
681 1942 899 2020 scrupulorum,
914 1940 960 1999 vel
976 1939 1015 1998 ad

59 2018 260 2082 radicandum
284 2021 435 2082 hominem
457 2021 490 2080 in
517 2023 636 2083 diverso
657 2041 768 2101 genere
788 2021 944 2088 virtutum,
965 2019 1014 2078 vel

61 2100 188 2160 tandem
215 2110 250 2161 ut
275 2101 329 2173 illi,
353 2103 405 2181 qui
419 2102 457 2162 sd
481 2102 606 2162 aliorum
627 2102 819 2162 directionem
829 2100 1014 2171 ordinantur,

58 2179 127 2319 {pm
141 2180 247 2241 tentati
266 2181 360 2245 sciam
381 2183 507 2242 aliorum
520 2184 662 2249 misereri.
676 2191 822 2242 eteorum
836 2178 1014 2241 infirmitati·

86 2280 124 2321 us
136 2260 275 2341 compati.

141 2423 181 2482 N.
204 2429 272 2493 192,
294 2421 354 2482 1)ss
376 2425 586 2486 REMEDIIS
607 2421 937 2486 SCRUPULORUM.

64 2579 92 2640 1.
113 2579 301 2662 Scrupulosus
320 2583 394 2643 scire
420 2584 498 2644 debet
522 2605 554 2643 se
578 2604 640 2644 erae
663 2584 756 2644 talen.
812 2582 854 2643 11.
882 2580 1016 2641 Remedia

140 2660 250 2723 aeruliu
271 2676 360 2726 suar.»
394 2664 510 2723 humilis
527 2663 690 2724 maenaa.
744 2664 804 2724 111.
832 2662 955 2722 Fiducia
979 2659 1009 2717 in

155 2764 209 2802 um.
251 2740 304 2801 lV.
326 2746 371 2805 Fr
455 2749 579 2803 roratio
602 2752 629 2802 et
658 2742 807 2822 patientia.
848 2742 884 2799 V.
917 2741 1014 2800 Vitare

106 2841 217 2881 causer.
279 2822 333 2882 v1.
368 2764 498 2883 mtto
522 2821 680 2900 scrupulosi
711 2822 788 2880 circu
819 2819 1013 2899 consessiones·

106 2901 181 2962 Vll.
204 2901 289 2961 Circa
308 2902 480 2962 tentationes.
521 2902 613 2962 Vlli.
634 2901 720 2963 Circa
740 2900 936 2978 correptionem
947 2895 1014 2970 fra·

103 2987 222 3042 terrram.
265 2979 321 3042 IX.
344 2981 429 3042 Circa
453 2982 572 3041 Sacram
599 2979 820 3040 communionem.
865 2979 902 3038 X.
928 2977 1015 3037 Circa

104 3058 294 3120 recitationem
319 3059 477 3120 Horarum.

107 3176 134 3236 Ι.
156 3178 510 3252 PRAENOTANDUM,
539 3180 629 3260 qubd,
660 3188 696 3239 ut
727 3177 925 3257 Scrupulosus
950 3172 1016 3231 tuiti

65 3266 169 3317 utatur
194 3259 311 3331 mediis,
335 3271 365 3320 et
388 3280 449 3319 non
468 3273 538 3339 agat
551 3272 655 3321 contra
668 3258 886 3328 conscientiam,
907 3255 1014 3314 debeat

65 3356 247 3416 cognoscere
269 3360 300 3400 ae
313 3360 377 3400 esse
391 3342 606 3419 scrupulosum,
617 3360 652 3400 ac
664 3338 792 3419 proinde
805 3333 1014 3397 conscientiam

66 3436 151 3512 sputu
160 3437 224 3479 esse
234 3420 456 3517 deponendam:
478 3421 535 3481 hoc
553 3433 652 3481 sutem
666 3437 843 3515 cognoscere
855 3415 964 3511 poterit
977 3433 1014 3472 ex

65 3499 1017 3658 ttizslittnlitii¹nlfflisdeliraverit

64 3675 128 3716 non
136 3668 214 3718 stare
228 3680 283 3720 suo
302 3660 428 3741 judicio,
450 3662 504 3720 etsi
517 3661 606 3720 etiam
619 3671 697 3719 esset
709 3658 831 3718 doctior.

100 3736 146 3815 Il.
161 3738 314 3808 Quantum
328 3740 369 3800 ad
381 3741 517 3803 remedia
529 3740 693 3822 generalia,
739 3739 836 3799 'mum
849 3729 1030 3797 estbumdxs

57 3760 1049 3902 amaladensiumconfessariumvellnmanxenmm·
