2160 4072
390 127 436 171 ss
459 127 631 173 asccarrs.
911 110 977 181 297

53 268 191 329 reditatio
203 268 346 348 pmsionis
354 270 640 351 Christietquatuor
650 272 883 333 novisdmorum
906 275 977 335 Hoc

53 349 204 408 smedinm
216 348 397 409 orffinarium
412 362 465 422 est,
480 353 552 415 dam
561 352 685 413 tentan'o
698 353 860 413 adamant
873 368 976 413 causa-

53 448 83 487 ar
93 453 105 500 ,-
143 429 225 507 quia,
249 432 316 489 clim
340 431 456 490 damon
483 433 520 491 sit
546 434 631 493 nobis
654 433 760 492 fortior
786 444 816 493 et
842 435 977 502 astutior,

53 509 149 567 axilio
162 509 266 568 dlvino
278 530 409 587 agemus,
424 523 458 570 ut
470 533 539 571 enm
553 513 716 576 vincamus.

74 590 153 649 Huc
158 600 272 668 spectat
280 592 419 669 frequens
429 610 500 653 usus
509 594 764 653 Sacramentonam
773 593 972 653 Confessionis

53 678 63 729 t
82 669 319 730 communionis.

73 746 116 807 V.
129 749 162 808 si
175 760 272 809 motus
284 751 417 811 oriantur
431 773 468 812 ex
480 752 672 813 causistertio
679 754 746 813 loco
753 753 898 832 allegatis,
908 774 935 811 v.
945 774 978 831 g.

53 848 69 888 ι
83 829 218 888 naturali
230 832 443 909 complexione,
451 833 634 892 abnndantia
647 833 815 900 humorum,
824 847 879 893 etc.
890 852 977 912 opor·

53 919 77 968 et
99 909 192 968 etiam
213 910 353 970 adhibere
366 913 497 972 remedia
509 913 663 983 naturalia,
685 915 795 991 quibus
813 914 979 992 complexio
1011 937 1015 943 ·

53 1000 92 1049 sta
102 1000 248 1061 mutetur,
268 1002 320 1049 sut
333 991 434 1051 saltem
449 1005 614 1072 superetur,
628 993 798 1053 adhibendo
812 1014 840 1050 v.
855 1015 886 1070 g.
897 993 977 1072 jeju-

53 1069 131 1139 ium‚
147 1071 358 1146 parcimoniam
372 1073 403 1130 in
413 1073 480 1132 cibo
493 1089 524 1133 et
535 1085 621 1152 potu,
641 1074 772 1151 corporis
798 1074 978 1144 afflictiones

53 1152 281 1226 cmpressiones‚
303 1152 429 1229 vigilias,
453 1153 598 1232 fugiendo
616 1153 720 1224 otium,
740 1154 810 1212 lecti
823 1153 980 1212 mollitiem

53 1229 218 1289 coeloram.

75 1309 163 1368 Hinc
177 1311 326 1382 suadetur,
342 1322 377 1371 ut
389 1312 467 1372 lacto
479 1333 540 1371 nou
553 1313 712 1373 decumbat
734 1332 824 1390 supra
843 1313 976 1384 donum,
1009 1357 1014 1365 .

53 1388 89 1449 ed
103 1408 197 1468 snpra
210 1390 296 1462 latus,
311 1393 448 1453 manibus
471 1414 562 1471 supra
574 1404 679 1473 pectus
702 1393 735 1451 in
747 1393 869 1450 modum
882 1395 980 1453 crucis

53 1471 220 1553 orrrpositis,¹
233 1490 330 1548 neque
343 1475 453 1532 otiosus
467 1475 499 1532 in
519 1473 596 1533 lecto
605 1473 712 1552 jaceat,
727 1472 819 1531 sedai
832 1473 978 1532 insomnIa

53 1536 209 1625 Isseniant,
219 1551 300 1630 piam
315 1552 530 1613 meditationem
542 1554 685 1613 instituat

75 1628 136 1689 VI.
148 1631 276 1691 Necesse
284 1634 372 1692 etiam
384 1652 437 1710 per
445 1636 607 1694 contrarios
614 1643 697 1693 actus
705 1633 849 1693 virtutum
859 1630 980 1690 sincere

53 1720 194 1771 emutare
201 1711 334 1771 vitiosam
341 1714 732 1792 naturaecomplexionemac
739 1711 981 1792 pravoshsbitus.

78 1789 153 1849 v11.
169 1791 217 1849 Ex
229 1791 317 1851 dictis
335 1793 493 1853 deducitur
519 1795 557 1853 1⁰.
579 1793 670 1873 qudd,
690 1795 763 1854 dnm
786 1791 979 1871 cogitationes

53 1879 90 1929 ut
102 1868 328 1948 imaginationes
349 1874 510 1934 immundo
528 1875 676 1943 incidunt,
690 1871 910 1950 non-expediat
929 1888 979 1930 eas

53 1948 226 2010 ansiderare
237 1952 338 2031 quales
353 1953 421 2023 sint,
435 1955 487 2013 sed
493 1955 587 2013 multo
596 1954 692 2031 magis
701 1952 870 2029 consultum
880 1951 919 2008 sit
929 1968 979 2011 aas

53 2030 139 2089 latim
153 2030 297 2108 repellere
310 2043 338 2092 et
353 2045 550 2103 contemnere,
575 2034 616 2092 ita
629 2044 737 2093 utnon
750 2033 837 2091 detur
850 2030 977 2108 spatium

53 2108 213 2170 eflectendi
222 2123 274 2171 aut
286 2113 459 2192 disputandi
473 2134 540 2173 cum
552 2113 602 2172 eis.
625 2115 694 2171 Hoc
701 2113 833 2172 declarat
842 2111 872 2169 S.
884 2112 978 2170 Fran·

53 2188 108 2250 tiae.
121 2190 220 2263 Sales.¹
229 2191 423 2252 similitudine
446 2193 537 2265 illius,
557 2193 620 2272 qui,
649 2192 722 2252 dum
736 2193 893 2272 pulsantur
914 2191 979 2269 ejus

53 2266 128 2343 ines,
142 2290 199 2331 nec
211 2291 266 2350 per
277 2272 447 2344 fenestram,
461 2294 517 2334 nec
529 2295 583 2354 per
603 2273 692 2333 ullam
715 2274 820 2333 rimam
832 2271 979 2350 respicere

53 2348 108 2408 vult
118 2351 190 2429 quis
198 2352 235 2411 sit
248 2353 301 2430 qui
315 2353 422 2428 pulsat.
621 2356 624 2365 '

83 2429 168 2509 Saepe
181 2431 270 2490 etism
283 2432 341 2492 hoc
364 2434 452 2493 modo
463 2433 592 2493 feliciter
615 2443 792 2512 superantur
803 2429 981 2499 tentationes

53 2520 144 2570 matra
157 2510 246 2570 fidem
258 2524 290 2571 et
302 2533 395 2592 spem,
404 2513 596 2592 cogitationes
604 2514 771 2593 suspiciosae
783 2512 821 2570 de
832 2510 981 2590 proximo,

84 2669 170 2729 VIII.
187 2671 354 2733 Deducitur
362 2673 403 2734 2⁰.
414 2674 580 2733 consultum
591 2693 651 2732 non
663 2688 726 2743 esse
734 2671 902 2730 examinare
910 2688 979 2728 con-

53 2748 195 2810 scientiam
210 2753 307 2812 statim
317 2764 406 2832 atque
416 2753 570 2812 immunda
580 2749 720 2830 cogitatio
729 2751 879 2810 hominem
891 2770 980 2809 vexa-

53 2830 130 2902 verit,
143 2851 182 2889 an
196 2833 307 2892 scilicet
320 2854 358 2893 ex
372 2854 407 2893 ea
418 2833 548 2910 aliquam
562 2833 682 2911 culpam
695 2830 894 2902 contraxerit3
918 2842 979 2889 ete.

53 2907 106 2969 nim
117 2910 285 2990 periculum
299 2924 352 2983 est,
366 2934 405 2973 ne
418 2914 467 2973 vel
479 2914 652 2991 imaginatio
671 2911 839 2982 reviviscat,
861 2910 910 2970 vel
926 2908 981 2968 de·

54 3004 124 3049 num
136 2993 266 3052 rationes
275 2995 461 3073 opponendo,
476 2996 628 3054 cerebrum
641 2994 752 3053 turbet.

55 3120 59 3127 .
86 3070 227 3131 Remedia
236 3084 339 3133 contra
349 3072 504 3133 libidinem
516 3075 608 3134 tradit
618 3072 820 3134 catechismus
829 3072 981 3129 Romanus

54 3159 128 3225 parta
140 3160 169 3212 3.
184 3151 216 3211 in
227 3164 343 3213 sextum
355 3166 540 3232 praeceptum
559 3153 713 3232 Doedogi,
728 3155 757 3213 N
759 3171 845 3211 eesen
858 3161 929 3209 tom.
943 3157 975 3208 2.-

54 3236 129 3341 Jast·
156 3242 186 3304 9.
213 3245 315 3312 quast.
331 3232 359 3294 6.
387 3235 481 3295 dubio
493 3245 522 3297 2.
549 3245 580 3295 et
591 3236 642 3295 Du
656 3232 764 3296 Jardin
787 3241 808 3267 ‘¹
817 3232 857 3290 de
878 3230 982 3288 officio

65 3313 272 3375 ‘Sacerdotis'

88 3392 142 3453 IX.
168 3394 317 3454 Observet
338 3395 542 3457 confessarius
567 3415 605 3454 ex
628 3393 725 3463 dictis,
749 3388 896 3470 quomodo
918 3406 980 3446 non

57 3472 148 3539 udan
161 3474 299 3534 omnibus
311 3477 530 3553 prescribenda
535 3475 597 3535 sint
603 3473 734 3533 remedia
745 3480 847 3532 eontra
859 3478 985 3547 peccata

57 3554 183 3626 naualia,
197 3550 251 3615 aad
264 3575 350 3617 causa
359 3576 413 3616 seu
424 3555 511 3615 radix
523 3556 563 3615 sit
575 3551 754 3615 attendenda
766 3560 797 3610 et
810 3547 979 3644 maemuds.

57 3630 177 3709 imula
190 3636 282 3699 Num.
298 3643 363 3697 lts.
377 3644 397 3672 “
408 3637 446 3697 de
460 3638 650 3698 Sacramenta
663 3630 876 3694 Portunus?
975 3649 978 3653 ·
