2160 4072
481 111 701 173 -rnacrarus
768 140 774 171 ·.

254 310 293 367 u.
316 314 367 379 ⁵9·
388 306 447 366 nn
465 300 786 365 oausanmoun
808 302 939 391 Ιθιιιι.Ι
1038 264 1074 431 l*

122 520 147 578 Ι.
173 517 314 577 Procesnb
334 517 405 577 Filii
418 524 457 575 eat
469 515 616 595 generatio.
624 517 745 594 proprie*-
753 514 841 576 dara.
883 442 1074 594 Impia-ludi

404 596 527 655 Sanctae
541 615 594 653 non
612 603 653 654 est
666 595 768 655 fitius.-
784 668 787 673 Ι

162 808 224 866 AN
233 807 382 884 processio
393 806 462 866 Filii
475 809 491 866 sl
508 806 596 866 Patre
610 816 654 866 est
663 804 816 884 generatio
825 805 946 885 proprie
960 804 1056 903 dicut}

162 886 187 944 I.
213 888 249 946 R.
279 887 472 958 Affirmative,
507 888 595 967 juxta
618 886 696 945 illud
724 884 858 964 symboli
885 882 1056 945 Athanasiin

123 966 248 1026 “Filius
261 967 280 1027 d
295 969 382 1026 Patre
397 967 460 1027 solo
474 978 529 1038 est,
541 987 602 1025 non
613 967 720 1038 factus,
734 985 796 1025 non
810 976 937 1036 creatus,
949 965 999 1025 sed
1007 983 1045 1043 ge·

122 1049 203 1106 nitus
215 1051 240 1106 :''
261 1056 292 1107 et
303 1047 438 1125 Symboli
463 1048 578 1106 Nicaeni
591 1070 601 1129 :⁴
628 1054 649 1081 “
665 1047 819 1116 Genitum,
848 1066 908 1104 non
924 1046 1047 1105 factum?

124 1128 238 1189 Eodem
252 1128 341 1187 modo
354 1128 487 1207 loquitur
503 1129 593 1206 Sacra
614 1128 787 1206 Scriptura:
804 1126 847 1186 sic
863 1127 938 1186 Psal.
954 1135 981 1185 2.
993 1147 1016 1182 v.
1026 1133 1045 1191 7.

123 1209 253 1268 dicitur:
268 1215 288 1242 “
303 1208 398 1267 Filius
412 1229 495 1267 meus
510 1229 542 1267 es
555 1220 598 1279 tu,
627 1228 684 1287 ego
698 1207 788 1267 hodie
801 1207 895 1285 genui
908 1216 939 1265 te
949 1210 977 1278 ,·”
997 1207 1045 1264 De·

123 1288 194 1347 inde
208 1289 365 1365 saepissime
379 1288 411 1347 in
424 1309 502 1348 novo
517 1290 710 1348 Testamenta
720 1287 817 1366 prima
832 1289 962 1347 Persona
975 1306 1046 1345 voca·

127 1380 177 1429 tur
192 1371 279 1428 Pater
289 1383 320 1428 et
334 1369 465 1428 secunda
478 1369 583 1428 Filius.
705 1432 707 1437 ,

166 1450 313 1509 Probatur
327 1448 368 1510 2⁰.
383 1451 453 1529 quia
476 1449 657 1527 processioni
682 1448 752 1508 Filii
775 1448 917 1529 competit
930 1447 1060 1571 definitioq,

123 1531 331 1611 generationis,
347 1551 414 1609 quae
436 1542 480 1589 est
496 1530 646 1609 processio
669 1529 797 1588 viventis
810 1550 828 1587 a
841 1527 992 1608 principio
1012 1546 1046 1585 n·
1056 1534 1074 1560 Ρ

124 1622 212 1672 vente
226 1611 395 1689 conjuncto,
410 1611 442 1668 in
455 1610 679 1670 similitudinem
689 1620 812 1671 naturae.
1039 1612 1054 1677 ’,

166 1693 267 1764 Quare
277 1691 426 1768 processio
437 1690 506 1750 Filii
521 1702 565 1750 est
578 1691 741 1770 generatio,
755 1710 816 1749 non
830 1699 930 1749 autem
944 1684 1057 1769 procetssi

127 1773 171 1832 sio
182 1770 311 1848 Spiritus
326 1771 450 1830 Sancti?
1055 1762 1074 1781 '

167 1855 202 1918 R,
219 1853 405 1929 Quamquam
415 1851 503 1931 juxta
517 1852 569 1912 SS.
595 1854 696 1911 Patres
711 1851 786 1910 ratio
806 1850 837 1909 id
851 1870 912 1909 non
925 1868 1058 1929 essequa«,

126 1944 185 2003 tur,
200 1931 336 2009 aliqualis
352 1942 452 1991 tamen
467 1932 531 1991 dari
544 1942 653 2010 potest,
668 1952 777 2011 nempe
791 1931 870 2009 qubd
882 1930 977 1990 Filius
994 1946 1074 2013 pro:

127 2013 212 2073 cedat
225 2012 328 2071 similis
341 2013 420 2091 patri
434 2013 465 2070 in
478 2023 584 2071 natura
598 2012 628 2071 vi
648 2012 729 2070 modi
743 2010 946 2090 procedendi;
968 2009 1020 2071 Fili
1048 2036 1054 2049 ··

126 2093 205 2152 enim
218 2092 354 2171 procedit
367 2113 421 2171 per
434 2093 629 2162 intellectum,
641 2130 644 2137 ι
656 2093 762 2151 modus
772 2104 871 2151 autem
881 2028 1074 2181 procede&

125 2194 179 2253 per
194 2173 377 2232 intellectum
389 2186 433 2232 est
446 2174 609 2232 formaliter
620 2172 828 2232 assimilativus
834 2195 844 2244 ,·
854 2173 968 2250 quaevis
981 2172 1074 2251 enm,

124 2252 285 2313 intellectio
299 2253 330 2331 vi
343 2255 397 2312 sub
420 2254 518 2312 tendit
531 2255 562 2311 in
575 2252 796 2312 similitudinem
816 2254 859 2310 rei
882 2252 1074 2345 intellectetg

126 2354 198 2413 ergo
212 2333 373 2392 intellectio
387 2334 598 2411 perfectissima
611 2335 641 2391 vi
655 2335 708 2395 suis
727 2332 824 2392 tendit
847 2334 879 2390 in
893 2330 1048 2393 similitudi·

126 2435 194 2473 nem
205 2414 459 2492 perfectissimam,
487 2435 539 2473 seu
552 2415 784 2485 substantialem,
806 2413 940 2491 adeoque
954 2423 997 2473 est
1006 2432 1049 2490 go·

124 2496 244 2554 neratio.
288 2494 346 2555 Sed
361 2494 489 2572 Spiritus
504 2490 630 2554 Sanctus
642 2495 779 2573 procedit
791 2513 846 2572 per
866 2492 1074 2593 voluntatens·

127 2576 179 2653 qui
193 2576 299 2635 modus
321 2574 503 2654 procedendi
517 2596 576 2634 non
591 2584 635 2633 est
647 2575 811 2633 formaliter
833 2573 1050 2643 assimilativut;

129 2656 258 2733 Spiritus
273 2658 398 2716 Sanctus
412 2655 533 2733 quidem
554 2655 657 2715 similis
672 2667 716 2713 est
738 2655 818 2713 Patri
831 2664 861 2713 et
875 2653 954 2712 Filio
966 2653 995 2712 in
1007 2672 1050 2711 na·

128 2746 205 2804 tura,
217 2736 318 2794 verdm
330 2756 390 2794 non
403 2738 433 2794 vi
444 2736 527 2795 modi
541 2735 733 2814 procedendi,
748 2738 799 2793 sed
810 2754 864 2813 per
877 2734 1053 2794 identitatem

131 2835 201 2874 cum
215 2816 340 2874 essentia
354 2815 474 2889 divina;
502 2815 571 2875 crlm
595 2815 673 2874 enim
699 2815 847 2894 processio
873 2814 911 2873 sit
924 2813 963 2873 ad
976 2816 1053 2883 intra.

129 2896 273 2954 terminus
281 2896 445 2973 productus
455 2908 555 2955 manet
564 2897 642 2955 intra
653 2896 763 2966 Deum,
773 2896 906 2972 adeoque
917 2907 961 2953 est
972 2895 1074 2977 Deus!

172 2976 214 3033 ΙΙ.
229 2976 357 3053 Spiritus
372 2977 499 3036 Sanctus
512 2977 639 3054 proinde
653 2996 714 3035 non
728 2986 826 3054 potest
844 2976 943 3035 vocari
962 2973 1055 3043 Filius,

129 3076 185 3115 nec
199 3067 302 3115 contra
315 3056 410 3115 Filius
436 3057 563 3135 Spiritus
578 3057 723 3129 Sanctus3
744 3068 833 3134 atque
847 3056 889 3114 ita
902 3055 980 3113 inter
995 3053 1055 3113 Per-

130 3156 216 3194 sonas
230 3136 356 3200 divinas‚
380 3137 478 3214 prima
500 3136 617 3196 tannim
631 3148 676 3196 est
692 3139 788 3207 Pater,
817 3137 947 3196 secunda
960 3134 1056 3205 Filius,

129 3218 216 3275 tertia
231 3216 358 3294 Spiritus
373 3218 498 3277 Sanctus
506 3241 516 3288 ,-
529 3219 615 3276 Pater
629 3217 708 3276 enim
721 3216 918 3294 intelligendo
928 3216 1074 3294 seipsum,¹¹

131 3308 252 3376 generat
266 3297 375 3355 Filium
392 3297 448 3355 sibi
463 3297 597 3366 similem,
613 3298 674 3356 sive
689 3299 788 3375 ipsum
802 3298 957 3369 Verbum;
982 3296 1074 3363 Pater.-

131 3390 161 3436 et
176 3377 270 3437 Filius
285 3398 347 3436 sese
357 3378 492 3447 amando,
508 3378 621 3455 spirant
636 3379 780 3456 Spiritum
795 3380 948 3437 Sanctum.

172 3457 243 3536 Obj.
260 3459 361 3518 Homo
371 3457 566 3537 intelligendo
579 3456 639 3516 non
649 3468 774 3535 generat
788 3456 900 3516 Filium
913 3477 968 3535 per
976 3452 1074 3523 intel,

131 3537 240 3596 lectum
252 3561 261 3610 ;
274 3558 345 3617 ergo
353 3558 408 3599 nec
422 3540 503 3597 Deus
515 3538 602 3597 Pater
611 3538 807 3617 intelligendo
815 3548 939 3615 generat
949 3536 1074 3599 Filium„

175 3619 211 3678 R.
227 3619 302 3694 Neg.
318 3639 396 3677 cons.
411 3619 567 3696 disparitas
582 3630 635 3689 est,
646 3617 727 3698 quod
741 3618 909 3677 intellectus
922 3628 1021 3677 noster
1030 3613 1063 3675 sit

131 3698 334 3774 imperfectus,
350 3710 380 3756 et
393 3699 461 3757 ideo
471 3718 531 3756 non
541 3699 688 3776 producat
703 3700 835 3757 Verbum
851 3697 960 3757 mentis
974 3694 1064 3756 simile

117 3777 152 3831 in
162 3788 271 3838 tratura
280 3800 351 3840 curn
362 3801 396 3840 re
405 3781 570 3853 intellecta,
579 3780 788 3841 resumunt
796 3778 1018 3848 erbumideale3
1026 3786 1066 3836 ast

1052 1604 1074 1621 Ρ-
