2160 4072
454 115 500 163 un
522 116 591 161 ono
947 96 992 162 57

61 261 219 338 prudenter
233 259 318 336 loqui
331 257 388 317 hoc
398 259 487 317 modo
501 284 510 332 3
529 262 682 319 Debemus
696 261 726 320 in
738 261 874 339 proximo
888 271 991 320 nostro

60 351 208 418 peccatore
222 359 322 398 amare
334 338 438 416 ipsum
446 339 596 403 hominem
610 352 666 403 seo
681 360 848 419 personam,
869 353 899 400 et
922 340 992 399 odio

60 419 162 480 hebere
174 421 241 498 ejus
254 429 407 498 peceatum
419 439 479 478 non
493 440 659 498 personam.

94 503 152 560 AN
168 502 253 559 Deus
266 509 345 559 amet
356 497 507 559 homiuem
514 501 641 578 justum,
653 520 745 580 quem
756 500 904 580 providet
916 521 986 579 pos-

66 587 316 659 teipeccetnrum,
330 579 412 638 etsie
426 579 650 641 damnandum?

96 662 128 719 R.
143 662 278 720 Omnino
291 679 359 718 eum
369 671 451 718 amnt
461 672 492 719 et
505 660 701 720 etiamumore
711 661 857 732 amicitiae,
874 671 987 738 quanto

64 750 185 818 tempore
194 741 298 818 jussu
309 749 383 811 est.;
411 741 492 801 unde
500 761 557 823 pro
571 741 623 821 illo
636 753 770 821 tmpore
784 742 879 820 magis
902 741 988 799 illurn

65 832 140 890 snut,
151 823 243 898 qudrn
258 834 443 898 peccatorem
457 822 708 899 praedestinutum.
744 823 822 880 Vide
838 823 867 881 S.
881 821 989 881 Thom.

66 912 158 977 quest.
173 913 220 959 art
246 910 276 960 4.
293 900 332 959 ad
344 911 372 961 5.

94 981 182 1040 Vlll.
200 981 372 1040 Notandum
390 980 440 1039 hie
462 1001 498 1040 ex
514 983 542 1039 S.
559 980 666 1041 Thom.
690 994 743 1041 art.
769 991 795 1041 1.
811 983 849 1040 ad
868 989 894 1041 2.
911 980 991 1059 quod

49 1062 203 1145 gpsssiones
226 1063 287 1135 irae,
311 1061 446 1131 tristitia,
475 1061 626 1131 desiderii,
651 1075 708 1121 eto.
729 1063 900 1123 tribuantur
924 1061 992 1121 Deo

49 1184 51 1193 ·
67 1141 261 1219 maphorice,
281 1140 394 1201 tuntum
408 1153 530 1220 propter
544 1142 768 1217 similitudinem
782 1141 913 1212 effectis,
926 1160 989 1198 non

49 1218 51 1285 ἐ
66 1219 184 1293 uacuus,
198 1232 232 1281 et
253 1221 336 1299 quod
349 1221 407 1285 illue
420 1222 489 1281 solo
510 1222 687 1283 affectiones·
702 1223 763 1283 sint
782 1222 944 1283 formaliter
959 1221 991 1279 in

49 1296 52 1313 '
67 1299 131 1373 llus,
139 1323 209 1380 quae
221 1303 254 1367 in
266 1303 320 1361 suri
331 1303 445 1365 ratione
454 1303 573 1363 formali
586 1302 699 1363 nullam
712 1303 870 1363 involvunt
879 1304 989 1381 imper-

67 1378 221 1452 tunionem,
243 1399 278 1441 ut
286 1402 378 1453 amor,
392 1382 547 1459 gaudium,
561 1394 618 1445 ete.

96 1462 148 1521 lit
171 1463 316 1522 Similiter
335 1462 471 1536 virtutes,
500 1484 568 1541 quae
586 1462 715 1541 uliquum
735 1461 990 1540 imperfectionem

68 1540 244 1614 involvunt,ri
256 1542 321 1600 Deo
330 1554 398 1600 sunt
407 1543 603 1611 removendae,
615 1544 658 1602 uti
670 1543 785 1620 religio,
793 1542 989 1611 observantia,

69 1631 111 1680 oc.
125 1625 210 1682 secus
219 1622 379 1681 dicendum
391 1622 429 1682 de
442 1623 613 1701 prudentii.

97 1701 161 1768 Puri
182 1703 273 1765 modo
292 1703 428 1773 virtutos,
457 1725 525 1782 quae
548 1714 705 1763 versentur
732 1703 811 1763 circo
833 1701 985 1780 passiones

69 1782 258 1853 moderandas,
272 1802 333 1841 non
345 1785 456 1842 suntin
471 1785 538 1843 Deo
552 1783 723 1853 formaliter,
733 1795 768 1842 ut
780 1782 987 1860 temperantia,

70 1859 207 1935 fortitudo,
222 1875 279 1923 etc.
290 1863 360 1941 quia
373 1864 405 1923 iu
419 1865 487 1925 Deo
498 1884 560 1922 nou
573 1875 646 1925 sunt
651 1863 812 1941 pensiones,
826 1874 862 1922 ut
873 1862 988 1938 dictum

97 2022 301 2093 Misericordia
327 2042 388 2083 non
414 2022 577 2085 secundrim
598 2023 752 2101 passionis·
764 2022 912 2092 affectum,
940 2023 993 2083 red

69 2103 215 2163 mundium
242 2101 385 2164 effoetum-
403 2104 531 2163 maxime
556 2105 624 2163 Doo
643 2114 689 2162 est
707 2103 875 2174 tribuenda,
895 2102 938 2163 uit
960 2103 989 2163 S.

70 2176 159 2242 Thom.
173 2192 409 2261 quaest..21.ert.
424 2193 452 2244 3.

94 2265 139 2323 Au
147 2263 266 2343 justitia
278 2274 323 2325 est
332 2265 450 2342 proprisi
463 2265 494 2323 in
510 2265 598 2323 Deo?

95 2342 132 2406 X.
148 2347 184 2419 ll.
200 2346 324 2403 Certum
333 2354 379 2403 est
391 2346 424 2403 in
436 2346 502 2404 Deo
515 2343 633 2423 propris
648 2363 712 2405 esse
730 2343 877 2424 justitium
887 2342 987 2405 distri-

68 2416 195 2493 iutivam,
211 2421 356 2502 quaternis
366 2435 507 2504 tanquam
521 2444 676 2502 supremus
683 2426 872 2485 Gubernator
882 2421 989 2485 tribuit

67 2503 215 2582 uuicuique
234 2503 278 2562 roi
293 2502 453 2563 seeundum
467 2505 620 2583 propriam
633 2515 747 2565 naturae
762 2504 942 2582 exigentium
957 2512 986 2561 et

66 2579 237 2660 dignitatem.
278 2584 325 2642 Ita
348 2594 393 2642 est
408 2585 515 2642 Thom.
536 2598 641 2662 quaest.
663 2591 709 2640 21.
737 2597 792 2643 art.
809 2595 834 2643 κ.
850 2585 881 2641 in
899 2582 984 2659 Corp.

68 2664 106 2739 qui
116 2663 225 2725 eodum
238 2666 304 2731 loeo
317 2674 407 2741 negat
421 2663 452 2721 in
474 2666 541 2725 Deo
555 2685 619 2723 esse
628 2663 776 2742 justitium
800 2664 986 2727 commutati-

66 2744 130 2814 Μ,
153 2743 260 2809 salum
274 2743 470 2822 intelligendo
481 2744 562 2803 illurn
577 2745 686 2813 stricti,
700 2755 791 2822 prout
800 2744 834 2803 fit
843 2743 920 2803 inter
933 2741 987 2802 ho-

63 2824 145 2891 nines
158 2824 434 2902 perelieuationern
457 2825 580 2883 dominii
604 2825 635 2882 in
659 2836 794 2893 mutuam
816 2822 985 2893 utilitatem,

61 2913 102 2969 tto
112 2925 183 2982 (με
196 2903 451 2982 imperfectionem
458 2904 627 2967 involvunt.

86 2984 143 3045 XI.
159 2985 221 3045 His
240 2983 515 3064 imperfectionibus
535 2984 664 3055 semotis,
681 2983 829 3062 justitiam
850 3003 984 3044 commu-

59 3063 168 3125 trivam
180 3066 214 3125 in
224 3067 292 3125 Deo
303 3063 468 3128 admittunt
476 3058 625 3142 Wiggeus,
634 3066 815 3134 Braunmam
830 3063 986 3134 Duelman,

58 3152 100 3203 etc.
114 3146 234 3205 Neesen
250 3148 331 3212 vero,
346 3144 448 3203 Dones
458 3155 488 3203 et
508 3145 561 3203 alii
572 3157 684 3222 nogant
695 3164 730 3203 ex
742 3164 786 3215 eo,
811 3145 890 3222 quid
904 3145 987 3201 Deus

57 3237 104 3283 tou
111 3237 216 3303 posset
228 3245 292 3285 esse
302 3224 418 3283 debitor
427 3238 567 3283 creatnrae
579 3244 647 3295 suro,
662 3225 714 3285 sed
724 3229 840 3285 tantum
850 3224 906 3282 sibi
917 3223 983 3299 ipsi,

57 3305 134 3365 nait
146 3306 180 3365 S.
194 3305 252 3365 Th,
271 3313 295 3363 1.
306 3312 335 3363 2.
346 3316 449 3382 quoest
468 3313 534 3365 114.
548 3318 600 3363 ert.
622 3313 647 3363 1.
663 3307 700 3365 ud
713 3316 744 3365 3.
759 3315 861 3384 utpote
872 3304 984 3361 habens

57 3382 299 3447 ornatissimum
314 3396 344 3443 et
367 3385 565 3445 inabdimbile
578 3387 609 3443 in
623 3387 731 3456 omnia,
760 3405 827 3461 quae
841 3394 983 3442 creaturae

58 3476 122 3535 mut,
135 3466 325 3525 dominium:
349 3465 429 3523 undo
449 3465 576 3544 justitio,
600 3487 665 3544 quae
681 3466 748 3524 Deo
758 3466 790 3524 in
818 3460 982 3541 Scripturis

58 3543 195 3620 nbuitur,
206 3545 298 3628 juuta
307 3545 388 3626 ipsos
399 3545 528 3615 sumitur
540 3565 596 3624 pro
613 3545 714 3607 debito
727 3544 884 3607 fidelitatis.
