2152 4066
397 117 444 162 uu
459 119 631 164 caecaris.
912 102 975 166 341

70 260 112 323 11.
127 264 258 326 Proinde
272 265 301 324 S.
317 265 447 325 Josnnea
462 265 595 343 Baptista
614 265 673 325 fuit
687 277 847 344 conceptus
860 266 892 325 in
905 289 976 346 pec-

58 354 95 402 uo
108 345 260 423 originali,
284 345 419 423 quamvis
442 347 473 403 in
488 358 572 405 utero
597 357 665 405 ante
684 348 865 406 nativitatem
885 349 978 408 fuerit

58 425 239 485 notificatus.

62 506 145 585 Obj.
162 509 187 566 1..
197 506 333 566 Christus
345 507 524 584 Matthcap.
542 515 585 565 11.
600 527 629 565 v.
646 516 692 567 11.
707 507 781 567 dicit
794 509 976 570 dedosane:

65 587 140 644 Non
161 588 293 646 surrexit
305 588 384 645 iuter
396 599 481 646 natos
493 586 652 644 mulierum
666 589 760 667 major
769 592 797 648 :³³
823 608 905 666 ergo,
919 600 977 650 etc.

69 666 107 727 R.
125 668 153 725 T
155 679 241 726 extus
265 667 392 745 intelligi
416 668 513 735 debet,
533 667 617 744 quod
636 687 698 725 non
712 670 872 727 surrexerit
884 671 977 749 major

58 746 203 824 ropheta3
226 747 371 825 quianon
391 748 485 807 solum
509 748 699 825 prophetavit
719 749 757 806 de
770 749 899 821 Christo,
923 751 977 810 sed

57 825 119 884 ia'm
135 848 203 886 eum
213 828 308 906 digito
318 840 492 905 presentem
504 829 688 898 monstravit,
698 828 800 888 dicens
810 830 898 893 Joan.
914 851 938 890 c.
952 841 977 890 1.

69 915 125 975 29.
168 917 188 945 “
202 910 283 967 Ecce
294 909 401 986 Agnus
416 908 502 967 Dei.”

66 988 201 1067 Obj.11.
216 989 335 1048 Author
352 989 422 1048 libri
437 990 504 1065 Sap.
520 1008 583 1066 cap.
597 996 624 1048 8.
640 1008 670 1048 v.
687 999 733 1060 19.
750 1000 780 1048 et
802 996 850 1047 20.
862 990 936 1049 dicit
948 992 978 1049 in

58 1086 161 1126 rrsona
189 1068 361 1139 Salomonis,
397 1069 560 1128 “Sortitus
588 1089 652 1126 sum
688 1070 816 1128 animam
850 1071 975 1130 bonam:

58 1159 93 1206 et
106 1148 176 1208 crim
189 1168 283 1207 essem
295 1150 390 1226 magis
398 1151 504 1218 bouus
519 1151 588 1208 veni
601 1148 640 1206 ad
654 1170 762 1228 corpus
774 1150 981 1228 incoinquina-

58 1237 146 1288 tum:
159 1231 177 1257 '⁸
189 1249 262 1307 ergo
274 1229 338 1308 ipse
348 1250 408 1288 non
419 1230 524 1288 habuit
537 1241 691 1307 peecatum
706 1229 858 1308 originale.

68 1309 136 1370 Ill.
154 1311 188 1369 ll.
206 1311 284 1386 Neg.
296 1329 415 1388 conseq.
432 1309 541 1368 Sensus
555 1310 613 1369 loci
627 1310 736 1388 objecti
750 1322 804 1382 est,
826 1310 907 1388 quid
917 1331 980 1370 sor-

58 1409 105 1446 :us
126 1391 166 1448 sit
178 1389 307 1448 animam
320 1392 408 1448 variis
432 1389 518 1449 donis
531 1391 713 1449 naturalibus
734 1392 929 1464 instructam
951 1402 982 1453 et

58 1471 131 1527 cirta
141 1470 236 1546 magis
247 1472 343 1531 bonus
353 1483 429 1529 esset
439 1467 454 1495 '³
469 1468 643 1540 id'est,ci1m
657 1472 752 1548 magis
761 1492 797 1530 ac
811 1473 905 1550 magis
920 1472 980 1531 vir-

58 1559 132 1607 tum
157 1550 298 1609 exercitio
322 1550 508 1610 cresceretin
529 1552 671 1621 bonitate,
696 1553 730 1610 ed
754 1553 918 1622 devenerit,
944 1563 980 1610 ut

58 1629 123 1688 iarn
132 1631 240 1688 habeat
254 1650 362 1708 corpus
374 1641 583 1707 temperatum,
596 1632 740 1690 mundum
755 1654 789 1691 ac
803 1643 926 1691 castum.

72 1711 132 1768 lV.
160 1711 301 1769 Calvinus
326 1711 547 1788 dogmatizavit,
567 1711 645 1772 tilios
668 1723 826 1790 parentum
849 1712 982 1771 fidelium

58 1810 95 1848 on
112 1791 284 1850 contrahere
294 1803 449 1868 peccatum
462 1793 617 1868 originale,
636 1792 772 1870 illudque
785 1793 844 1851 illis
856 1813 915 1850 non
926 1794 981 1851 im·

58 1872 146 1940 utari,
162 1872 214 1931 sed
226 1881 296 1929 ente
309 1873 490 1949 baptismum
505 1873 628 1931 Sanctos
638 1893 702 1931 esse
715 1885 744 1932 et
767 1874 900 1931 membra
923 1875 981 1932 Ec·

58 1951 142 2019 osiae,
155 1952 206 2029 qui
218 1971 300 2008 error
314 1952 471 2010 damnatus
483 1965 527 2010 est
541 1953 572 2010 in
588 1953 673 2012 Trid.
688 1973 757 2012 sess.
769 1962 796 2013 5.
811 1972 875 2012 can.
896 1962 924 2012 4.

76 2033 170 2089 Error
184 2032 234 2089 illc
256 2031 340 2090 facile
354 2034 501 2090 refutatur
515 2053 552 2090 ex
576 2035 729 2112 Scriptura
744 2035 833 2092 Sacra
845 2057 854 2105 3
881 2033 982 2091 David

58 2112 115 2169 nim
125 2124 214 2170 natus
234 2113 290 2169 fuit
304 2133 340 2170 ex
354 2113 527 2190 parentibus
541 2114 688 2182 fidelibus,
705 2125 846 2171 ettamen
870 2117 916 2172 Ps.
933 2121 982 2172 50.

58 2191 127 2251 icit.
154 2194 265 2251 “Ecce
278 2193 357 2251 enim
370 2193 403 2250 in
421 2191 629 2269 iniquitatibus
653 2205 814 2271 conceptus
829 2215 892 2251 sum
904 2216 912 2251 t
924 2191 939 2216 ''
954 2205 984 2252 et

58 2273 151 2331 'aulus
171 2285 201 2330 et
216 2273 326 2350 Ephes.
350 2293 415 2349 cap.
430 2280 459 2330 2.
474 2292 503 2330 v.
517 2281 544 2331 3.
561 2274 599 2332 de
623 2295 653 2332 se
677 2274 850 2351 eaeterisque
870 2276 889 2333 J
893 2274 983 2332 udaeis

58 2354 236 2412 ronunciat:
253 2360 273 2387 ‘¹
289 2354 415 2411 Eramus
428 2359 534 2411 naturt
546 2354 599 2411 filii
611 2355 673 2424 iro,
689 2354 766 2412 sicut
776 2366 807 2413 et
818 2355 943 2412 caeteri.”

79 2433 152 2511 Obj.
171 2435 195 2491 1.
215 2433 255 2491 ad
280 2435 364 2491 Rom.
388 2453 453 2510 cap.
471 2442 516 2492 11.
538 2455 566 2491 ν.
593 2435 638 2494 16.
661 2435 771 2492 dicitur
782 2456 792 2506 3
814 2435 878 2493 “Si
897 2434 984 2492 radix

58 2521 59 2525 ’
72 2524 215 2571 sanotaet
227 2513 314 2571 rami:
324 2517 341 2539 ¹'
355 2533 426 2592 ergo
440 2512 492 2591 qui
499 2526 662 2573 nascuntur
673 2536 709 2573 ex
720 2515 836 2583 sanctis,
846 2515 905 2572 hoc
918 2516 983 2593 ipso

58 2594 133 2651 uncti
147 2604 225 2651 sunt.

78 2675 204 2750 R.Neg.
227 2693 344 2751 conseq.
360 2692 462 2732 sensns
486 2675 565 2732 enim
586 2676 724 2753 Apostoli
747 2685 883 2746 nonest,
905 2675 985 2753 quud

58 2753 97 2812 int
111 2753 205 2812 saneti
226 2761 248 2789 “
261 2758 357 2827 ectu,'f
372 2754 424 2813 sed
435 2755 548 2813 tantdm
564 2756 644 2833 quod
659 2757 717 2815 sint
731 2757 823 2815 saneti
844 2755 875 2812 in
890 2776 943 2833 spe
957 2766 987 2814 et

58 2833 275 2909 ptitudiualiter
285 2857 295 2906 ,·
324 2835 463 2892 sanctitas
476 2836 555 2893 enim
574 2847 731 2913 parentum
746 2856 826 2914 saepe
847 2836 988 2895 conducit

58 2913 76 2971 d
89 2914 276 2973 sanctitatem
288 2914 416 2973 filiorum
427 2937 437 2985 ,·
461 2926 544 2992 patet
555 2915 605 2974 hic
621 2936 723 2975 sensus
737 2936 774 2975 ex
788 2935 878 2994 scopo
889 2920 987 2994 Apos-

58 2994 109 3053 oli:
127 2993 201 3052 dicit
214 2995 293 3053 enim
308 3014 339 3053 se
353 2995 500 3053 confidere
509 2995 547 3053 de
557 2996 651 3054 salute
665 2997 684 3057 J
688 2996 850 3066 udaeorum,
859 2996 896 3055 ed
909 2997 987 3074 quod

58 3073 100 3132 lun
118 3094 221 3132 eorum
238 3077 339 3133 Patres
353 3086 382 3132 et
397 3075 582 3142 Patriarchae,
596 3078 648 3154 qui
662 3096 716 3156 per
729 3077 859 3135 radicem
871 3076 988 3154 signifi-

58 3165 155 3223 uitur,
168 3157 264 3214 sancti
276 3155 347 3223 sint,
374 3155 552 3231 sperandum
579 3158 617 3215 sit
631 3157 696 3216 fore
720 3167 755 3216 ut
769 3157 835 3235 ipsi,
864 3159 985 3215 Patrum

58 3235 161 3293 :citati
174 3235 311 3312 exemplo
325 3247 355 3293 et
378 3235 446 3306 fide,
472 3237 632 3313 aliquando
652 3238 742 3296 fidem
762 3237 986 3315 amplectantur.

58 3315 140 3373 udaei
154 3335 236 3394 ergo,
246 3316 286 3374 de
296 3316 406 3393 quihus
421 3318 528 3393 agebat
539 3318 712 3395 Apostolus,
722 3337 783 3375 non
795 3327 879 3376 erant
890 3318 986 3376 sancti

58 3407 117 3462 ctu,
134 3396 187 3453 sed
199 3397 312 3455 tautirm
326 3396 359 3453 in
373 3415 434 3473 spe.

76 3475 153 3554 Obj.
170 3476 212 3534 ll.
225 3477 275 3534 Ad
289 3478 374 3534 Rom.
396 3495 462 3553 cap.
485 3485 513 3536 5.
530 3498 561 3535 v.
578 3487 624 3548 1¹9.
652 3478 782 3538 dicitur:
810 3478 903 3536 “Per
925 3477 988 3532 ino-

68 3556 254 3615 bedientiam
295 3557 385 3615 unius
420 3558 547 3616 hominis
600 3560 752 3617 constituti
774 3569 857 3616 sunt'
879 3556 992 3616 multi.”

58 3638 124 3713 'rgo
144 3637 231 3696 multi
252 3637 382 3716 quidem,
417 3637 549 3696 sednon
570 3639 723 3699 omnesin
745 3638 863 3700 Adamo
882 3657 986 3719 pecca·

58 3727 150 3775 aaut

463 3808 562 3864 aas
