2160 4072
66 102 134 169 352
440 117 640 163 sinemus

113 265 154 326 1⁰.
176 267 234 326 Per
245 283 399 324 excessum
412 264 444 324 in
464 264 540 336 cibo,
567 274 599 323 et
611 269 783 322 vocatur
794 281 846 341 cra]

69 367 125 427 per
138 365 292 406 excessum
305 345 338 403 in
357 355 441 423 potu,
455 351 663 405 etvocatur‘
664 342 839 402 ‘ebrteusf

109 425 216 505 Aliqui
230 444 383 486 excessum
395 425 427 483 in
440 432 551 504 potu“
564 444 625 484 non
642 423 837 483 inebriativo'’

72 508 134 567 lum
152 507 296 566 referunt

110 589 267 662 Quantum
279 596 435 665 peccatum
446 595 491 644 est
499 585 644 664 crapula?

111 669 154 728 11.
171 668 207 730 R.
232 668 318 744 Saepe
331 676 377 724 est
399 674 514 725 tantum
527 677 683 745 peccatum
704 665 832 737 veniale,

72 747 197 815 mortale
210 747 234 806 si
248 766 340 824 grave
362 758 577 806 nocumentum
603 746 750 804 inferetur
773 765 846 822 corp

70 849 104 888 ea
118 828 184 886 finis
194 826 318 885 'ultimus
329 828 525 886 constituatur
536 851 547 900 3
560 828 632 885 item
644 837 688 885 est
697 826 823 885 mortale
833 826 846 904 j

70 919 136 968 acrt
149 917 179 966 et
196 906 330 977 Billuart,
359 907 462 984 siquis
475 917 536 966 tem
555 907 699 967 violenter
713 925 793 965 sesse
806 907 846 984 ing

70 999 177 1047 natura
187 1007 244 1064 per
254 987 400 1045 vomitum
411 987 511 1046 cibum
525 987 632 1066 ejicere
641 997 776 1064 cogatur.

92 1089 97 1103 ¹
111 1067 249 1126 Vomitus
261 1076 362 1126 tamen
374 1067 462 1126 etiam
477 1067 540 1126 sine
562 1067 634 1128 vitio
646 1067 726 1144 gulo
740 1068 846 1125 evenio

70 1147 130 1208 cibi
140 1147 291 1226 qualitate,
306 1147 355 1206 vel
367 1165 501 1225 personas
514 1158 566 1206 aut
576 1147 719 1206 stomachi
733 1147 846 1225 disposi

111 1229 267 1302 Quantum
279 1237 436 1306 peccatum
450 1239 495 1288 est
508 1229 657 1286 ebrietas?

112 1309 172 1368 111.
197 1310 233 1368 R.
259 1310 314 1368 Est
337 1327 375 1366 ex
399 1326 508 1385 genere
531 1329 585 1368 suo
607 1319 764 1401 peccatum
788 1329 846 1366 mor

70 1408 179 1467 nempe
192 1388 320 1448 sumitur
332 1408 388 1468 pro
401 1407 524 1449 excessu
537 1389 568 1447 in
581 1400 655 1468 potu
667 1387 844 1447 inebriativo

72 1467 272 1548 quiaadGsi.
286 1488 350 1548 cap.
363 1476 390 1529 5.
405 1488 435 1528 v.
449 1477 499 1528 21.
514 1470 641 1529 ebrietas
661 1479 833 1527 recensetur

73 1560 138 1610 catu
152 1548 426 1609 excludentisiRe
468 1549 653 1610 oCoelorum.

112 1631 196 1704 Quot
208 1629 305 1688 modis
317 1638 441 1708 peccatu
485 1630 565 1708 gulo
577 1628 772 1688 committitur
784 1635 796 1689 ?

114 1710 169 1767 IV.
185 1711 219 1768 R.
235 1709 378 1789 Quinque
387 1708 445 1768 hoc
458 1730 547 1769 versu
558 1708 723 1788 expressis3

103 1797 135 1857 ,“
147 1790 349 1868 Praepropere,
360 1789 450 1859 lauti,
464 1790 562 1860 nimis,
577 1790 846 1860 ardenter,'studior

115 1870 221 1930 Peccat
241 1871 477 1950 “proeproperb'’
491 1869 682 1940 comedendo,
712 1872 764 1949 qui
788 1891 846 1941 con¹

73 1950 223 2009 mestionis
236 1961 355 2029 tempus
367 1952 521 2028 praevenit
543 1973 571 2009 v
595 1972 624 2028 g.
639 1950 688 2007 die
697 1951 816 2028 jejunii

75 2052 126 2108 qui
119 2031 222 2090 cibos
235 2031 386 2100 delicatos,
410 2031 555 2108 pretiosos
575 2041 727 2089 attentoe
711 2033 802 2110 ejus
792 2042 846 2089 stat

73 2112 229 2181 W‘Nimis,
253 2113 305 2190 qui
325 2130 493 2170 mensuram
519 2112 677 2170 moderatae
700 2113 843 2171 refection

73 2190 281 2262 “Ardentes’'
296 2191 348 2270 qui
357 2191 444 2248 nimis
452 2188 537 2248 avidi
549 2192 631 2250 cibos
641 2192 696 2249 etsi
707 2193 780 2250 viles
792 2213 846 2249 sun

73 2270 213 2342 “ἀίοεδ,”
242 2273 294 2352 qui
308 2272 415 2351 quaerit
428 2271 552 2331 cibos
522 2272 610 2330 mmis
625 2276 759 2332 accurati
776 2284 807 2331 et
827 2293 846 2330 s

71 2364 199 2430 paratos

113 2434 257 2506 Quaenam
272 2447 342 2495 sunt
338 2435 433 2514 gulae
442 2434 531 2496 filiae?

112 2513 149 2572 V
180 2515 216 2572 R.
242 2536 278 2574 ex
303 2516 334 2575 S.
360 2515 452 2592 Greg.
474 2528 670 2575 numerantur
685 2516 846 2594 quinques

73 2594 179 2672 inepta
191 2593 301 2665 laetitia,
316 2595 486 2666 scurrilitas,
514 2596 702 2656 immunditia
723 2596 846 2673 corpori.

74 2675 178 2751 quium
193 2686 223 2734 et
236 2675 387 2734 hebetudo
400 2677 516 2734 mentis.

114 2754 259 2825 Quaenam
274 2756 369 2815 virtus
382 2755 460 2832 gule
471 2757 654 2834 opponitur?

111 2834 168 2891 VI.
185 2836 220 2893 R
243 2835 331 2894 Gulae
353 2836 462 2894 directi
484 2837 645 2913 opponitur
658 2835 846 2914 temperantis

74 2912 262 2986 abstinentia,
276 2927 307 2975 et
320 2916 454 2974 ebrietati
468 2917 617 2975 sobrietas.

112 2993 161 3052 De
175 2994 254 3071 gulae
268 2995 341 3056 vitio
350 2995 548 3054 etvirtutibus
552 2996 702 3130 ⁰bp⁰⁵iti⁸
714 2996 772 3054 latr
759 2996 846 3071 tagit

73 3081 101 3134 2.
116 3082 145 3133 2.
160 3086 262 3151 quaest.
280 3083 467 3145 148.149.et
493 3083 550 3134 150
608 3076 657 3134 ide
678 3077 814 3134 Tract.“

74 3161 94 3187 “
107 3154 231 3226 cantia,'’
241 3157 332 3216 Num.
346 3163 405 3224 275
419 3165 450 3213 et
458 3154 656 3231 sequentibus.

208 3315 247 3375 N.
262 3316 328 3378 146.
350 3314 408 3374 DE
434 3315 505 3374 IRA
526 3315 606 3376 SEU
629 3316 842 3375 IRACUNDI

330 3475 362 3534 S.
387 3474 483 3535 Tiom.
507 3482 533 3531 l.
547 3484 575 3534 2.
588 3428 682 3554 qboest.
699 3480 765 3534 158.

80 3631 103 3689 I
125 3630 188 3691 Ira.
212 3631 252 3692 ΙΙ.
269 3631 372 3690 Eatest
383 3650 547 3708 generesuo
561 3631 692 3690 mortalia.
716 3633 775 3689 III.
793 3631 841 3689 Ee

113 3711 223 3772 lantum
236 3709 496 3772 autumnitati.
507 3713 558 3770 Est
566 3711 657 3768 minua
670 3718 815 3785 qeccntam
826 3733 844 3789 q

114 3795 150 3855 V.
162 3795 328 3858 Filioeirae.
350 3793 411 3855 Vi
424 3791 483 3851 iroe
494 3787 643 3869 opponatur
654 3789 845 3843 mansuetudo
