2160 4072
94 101 160 166 230
314 136 318 149 =
472 122 673 167 rnacrnrus

135 269 255 347 0bj.1.
278 270 375 328 Datur
397 277 481 328 actus
504 267 722 328 indifferentia
736 266 858 347 specie:
881 286 949 345 ergo

95 349 260 408 individuo.

98 459 103 465 ·
135 432 170 489 R.
192 431 270 509 Neg.
285 448 403 507 conseq.
414 428 572 506 disparitas
580 438 634 499 est,
649 429 729 507 qudd
740 438 829 488 actus
842 429 874 487 in
883 427 949 486 indi·

91 530 151 569 non
163 509 315 569 abstrahat
327 511 346 569 d
361 510 420 568 fine
433 520 463 568 et
481 509 719 579 circumstantiis,
741 508 822 569 sicut
834 518 919 568 actus
932 529 949 567 s

91 590 165 649 dnm
179 590 274 649 solam
287 591 416 669 speciem
431 589 642 659 consideratus,
661 589 714 649 sed
726 589 894 649 necessarie
907 589 949 647 ali

91 670 190 741 finem,
205 672 245 730 ob
255 690 344 748 quem
355 680 537 740 exerceatur,
551 669 706 742 involvat3
720 671 774 747 qui
787 673 859 729 crim
868 689 949 747 nonq

91 771 154 810 esse
181 749 363 821 indifferens,
389 761 473 809 aetus
500 769 620 828 quoque
633 750 665 808 in
679 750 841 810 individuo
866 749 949 808 indiff

90 851 154 890 esse
167 833 282 908 nequit.
477 840 481 849 ’

130 910 202 988 Obj.
226 911 270 970 ΙΙ.
299 910 399 970 Homo
423 930 484 968 non
510 919 628 969 tenetur
653 931 769 989 semper
796 930 888 988 agere
914 931 948 989 pr

88 990 178 1049 finem
198 991 343 1062 debitum,
378 991 426 1050 vel
449 990 552 1050 saltem
578 990 636 1049 hoc
658 990 873 1050 invincibiliter
898 990 947 1069 ign

88 1081 205 1147 potest:
229 1093 311 1151 ergo,
332 1084 388 1132 etc.

141 1152 176 1210 R.
205 1154 282 1231 Neg.
314 1165 477 1231 utrumque
503 1161 645 1228 assumpt.
674 1163 719 1211 est
746 1152 826 1212 enim
855 1171 948 1230 praece

89 1243 212 1302 naturae,
227 1244 262 1291 ut
275 1234 374 1305 homo,
389 1232 461 1290 dum
473 1231 634 1291 deliberate
646 1233 717 1327 agit,
732 1230 871 1293 intendat
884 1233 949 1291 finer

87 1312 184 1370 bitum
194 1312 283 1391 juxta
296 1314 446 1373 dictamen
459 1323 548 1370 rectae
561 1312 696 1381 rationis,
722 1334 789 1390 quae
804 1325 850 1372 est
863 1312 949 1392 regul

87 1392 185 1463 minis,
208 1413 301 1470 penes
321 1412 411 1472 quam
424 1391 456 1449 in
469 1393 586 1451 actibus
600 1392 662 1451 suis
674 1390 774 1452 differt
787 1396 805 1452 ἐ
818 1395 930 1452 bruto:

87 1492 143 1532 nec
156 1472 239 1531 istud
252 1473 466 1532 invincibiliter
478 1481 577 1549 potest
590 1471 736 1548 ignorare.

129 1552 182 1612 lV.
207 1552 380 1612 Notandum
394 1570 455 1611 nou
468 1570 533 1610 esse
545 1550 636 1622 idem,
661 1572 778 1612 omnem
793 1565 896 1612 actum
911 1553 940 1610 in

87 1632 179 1689 viduo
189 1651 253 1690 esse
264 1634 378 1691 bonum
391 1632 441 1690 vel
453 1632 575 1702 malum,
586 1642 618 1691 et
631 1652 749 1691 omnem
763 1643 863 1692 actum
874 1652 949 1692 esser

86 1712 197 1769 torium
208 1713 255 1770 vel
266 1712 490 1772 demeritorium
501 1735 511 1783 3
523 1711 632 1770 dantur
646 1713 724 1772 enim
739 1723 823 1771 actus
831 1713 863 1770 iu
878 1713 949 1771 indii

86 1792 238 1850 moraliter
251 1795 364 1852 tantum
377 1793 461 1859 boni,
484 1791 537 1870 qui
553 1812 614 1850 uon
629 1803 700 1852 sunt
712 1793 857 1851 meritorii
872 1794 921 1852 vel
932 1793 949 1851 d

86 1871 182 1930 ritorii
196 1872 265 1932 vitae
279 1883 416 1946 aeternae3
440 1892 468 1931 v.
491 1893 521 1949 g.
536 1872 723 1952 eleemosyna
736 1874 824 1932 unice
839 1874 918 1933 facta
930 1893 949 1932 e:

86 1952 175 2011 turali
190 1953 445 2013 commiseratione
458 1972 512 2030 per
527 1952 603 2011 solas
616 1963 729 2012 naturae
742 1955 830 2012 vires.

129 2033 301 2092 Notandum
325 2036 422 2104 etiam,
453 2033 532 2110 quod
555 2033 646 2110 aliqui
671 2034 833 2103 Authores‚
857 2034 935 2092 inter

88 2112 219 2189 Sylvius,
236 2115 354 2195 Neesen
368 2125 397 2171 et
411 2113 516 2182 Cullet,
530 2132 591 2169 non
602 2116 680 2171 recti
694 2115 825 2192 probent
838 2115 949 2172 nullum

87 2202 183 2250 actum
194 2194 227 2250 in
238 2192 394 2252 individuo
407 2192 624 2251 indifferentem
636 2214 672 2251 ex
683 2215 728 2264 eo,
744 2195 824 2271 qudd
834 2195 949 2252 omnia(

88 2272 148 2330 sint
162 2273 193 2330 in
204 2274 304 2332 Deum
314 2274 471 2333 referenda
481 2298 491 2345 3
506 2292 573 2330 nam
584 2273 719 2332 defectus
728 2275 881 2332 relationis
893 2275 921 2332 in
934 2277 949 2333 [

88 2373 148 2410 non
163 2353 235 2412 facit
249 2373 324 2431 opus
338 2373 401 2413 esse
415 2354 536 2422 malum,
560 2353 612 2410 sed
626 2367 671 2412 est
683 2356 796 2412 tantum
812 2355 946 2413 defectus

87 2434 190 2504 rantis,
205 2454 265 2492 non
278 2435 372 2511 ipsius
386 2435 493 2512 operis,
508 2434 552 2491 uti
566 2433 655 2493 latius
669 2435 787 2492 videtur
801 2436 834 2492 in
847 2447 933 2494 tract.

88 2523 108 2548 “
124 2514 303 2575 Charitate.’'

90 2676 130 2732 N.
145 2626 199 2734 66l
235 2677 294 2735 DE
315 2677 499 2738 ACTIBUS
519 2675 776 2750 QUIBUSDAM
810 2678 858 2735 IN
892 2676 949 2735 PA]

89 2835 115 2892 l.
134 2833 221 2892 Actus
233 2837 372 2896 exercitur
387 2837 460 2895 mere?
471 2756 665 2914 lplrllleddddct,
686 2844 728 2894 ert
751 2837 851 2896 malus.
899 2836 939 2895 Il.

126 2921 206 2971 actus
219 2914 331 2973 dicutur
342 2916 454 2974 otiosus.
498 2915 558 2973 111.
575 2914 706 2974 Omittere
720 2914 835 2994 aliquod
847 2918 944 2976 bonum

126 2993 745 3151 ttttttttsstt'tttttlztttlltt
766 3003 815 3054 Μ’
859 2996 915 3053 ¹V'
945 3042 949 3052 “

128 3232 186 3290 DE
208 3231 397 3310 quadruplici
410 3233 555 3292 actionem
570 3253 678 3312 genere
692 3232 741 3292 hic
756 3236 924 3311 specialiter
933 3234 949 3291 ii

82 3311 184 3370 -ritur:
207 3323 237 3370 et
254 3310 293 3371 1⁰.
307 3312 438 3389 quidem,
462 3314 557 3390 qualis
580 3314 618 3372 sit
639 3323 722 3373 actus
746 3313 778 3370 in
799 3335 949 3393 genereo

81 3391 161 3448 dum
178 3391 293 3469 aliquid
307 3393 388 3451 dese
402 3393 573 3452 indifferens
587 3394 686 3472 agitur
701 3393 749 3452 vel
770 3397 919 3455 omittitur
941 3415 949 3451 r

89 3471 160 3548 quia
173 3472 272 3550 placet
285 3473 333 3531 vel
347 3492 408 3532 non
420 3475 539 3552 placet?

130 3552 153 3609 I.
171 3553 205 3610 R.
221 3554 276 3611 Est
289 3555 402 3613 otiosus
413 3567 443 3613 et
456 3555 526 3612 ideo
539 3555 634 3614 malus
647 3578 656 3626 3
679 3555 748 3632 quia
762 3565 843 3614 caret
857 3556 949 3615 ‹lebiu

84 3633 231 3704 honesto;
244 3637 277 3692 ed
293 3634 373 3712 qudd
384 3635 466 3694 nulla
479 3635 511 3692 in
522 3654 557 3693 eo
572 3637 610 3694 sit
623 3635 774 3694 rationulis
785 3655 875 3695 causa
889 3648 941 3695 aut

78 3713 216 3787 utilitas3
238 3714 313 3776 hinc
327 3715 410 3776 dicet
423 3716 565 3776 Christus
574 3714 688 3773 mann.
702 3735 769 3791 cap.
780 3725 831 3773 νζ.
840 3738 876 3775 u.
890 3717 936 3776 36.

65 3792 107 3852 de
124 3796 212 3856 omni
229 3800 327 3861 verbo
341 3799 443 3860 otioso
456 3795 613 3858 reddituri
625 3794 688 3852 sint
693 3793 837 3850 nomines
845 3795 949 3850 ration
