<?xml version="1.0" encoding="UTF-8"?>
<!DOCTYPE html PUBLIC "-//W3C//DTD XHTML 1.0 Transitional//EN"
    "http://www.w3.org/TR/xhtml1/DTD/xhtml1-transitional.dtd">
<html xmlns="http://www.w3.org/1999/xhtml" xml:lang="en" lang="en">
 <head>
  <title>
</title>
<meta http-equiv="Content-Type" content="text/html;charset=utf-8" />
  <meta name='ocr-system' content='tesseract 3.04.00' />
  <meta name='ocr-capabilities' content='ocr_page ocr_carea ocr_par ocr_line ocrx_word'/>
</head>
<body>
  <div class='ocr_page' id='page_1' title='image "./theologiamorali00densgoog_0421.png"; bbox 0 0 2160 4072; ppageno 0'>
   <div class='ocr_carea' id='block_1_1' title="bbox 18 39 368 57">
    <p class='ocr_par' dir='ltr' id='par_1_1' title="bbox 18 39 368 57">
     <span class='ocr_line' id='line_1_1' title="bbox 18 39 368 57; baseline -0.02 0"><span class='ocrx_word' id='word_1_1' title='bbox 18 39 335 57; x_wconf 75' lang='lat'>————</span> <span class='ocrx_word' id='word_1_2' title='bbox 365 40 368 43; x_wconf 97' lang='lat'>-</span> 
     </span>
    </p>
   </div>
   <div class='ocr_carea' id='block_1_2' title="bbox 107 111 685 174">
    <p class='ocr_par' dir='ltr' id='par_1_2' title="bbox 107 111 685 174">
     <span class='ocr_line' id='line_1_2' title="bbox 107 111 685 174; baseline 0 -1"><span class='ocrx_word' id='word_1_3' title='bbox 107 111 171 174; x_wconf 77' lang='lat' dir='ltr'><strong>ala</strong></span> <span class='ocrx_word' id='word_1_4' title='bbox 483 129 685 174; x_wconf 79' lang='lat' dir='ltr'><strong>raacrsws</strong></span> 
     </span>
    </p>
   </div>
   <div class='ocr_carea' id='block_1_3' title="bbox 88 274 1072 3727">
    <p class='ocr_par' dir='ltr' id='par_1_3' title="bbox 98 274 1072 1316">
     <span class='ocr_line' id='line_1_3' title="bbox 146 274 1071 356; baseline 0 -22"><span class='ocrx_word' id='word_1_5' title='bbox 146 276 171 334; x_wconf 92' lang='lat' dir='ltr'><strong>l.</strong></span> <span class='ocrx_word' id='word_1_6' title='bbox 196 277 230 335; x_wconf 86' lang='lat' dir='ltr'><strong>R.</strong></span> <span class='ocrx_word' id='word_1_7' title='bbox 261 274 340 335; x_wconf 86' lang='lat' dir='ltr'><strong>Pieri</strong></span> <span class='ocrx_word' id='word_1_8' title='bbox 362 295 401 336; x_wconf 89' lang='lat' dir='ltr'><strong>ue</strong></span> <span class='ocrx_word' id='word_1_9' title='bbox 427 293 508 335; x_wconf 88' lang='lat' dir='ltr'><strong>nunc</strong></span> <span class='ocrx_word' id='word_1_10' title='bbox 530 275 692 348; x_wconf 83' lang='lat' dir='ltr'><strong>Authores,</strong></span> <span class='ocrx_word' id='word_1_11' title='bbox 706 275 825 356; x_wconf 89' lang='lat' dir='ltr'><strong>rejecto</strong></span> <span class='ocrx_word' id='word_1_12' title='bbox 838 275 1071 355; x_wconf 67' lang='lat' dir='ltr'><strong>probabilium,</strong></span> 
     </span>
     <span class='ocr_line' id='line_1_4' title="bbox 104 355 1072 435; baseline 0.001 -20"><span class='ocrx_word' id='word_1_13' title='bbox 104 356 193 416; x_wconf 88' lang='lat' dir='ltr'><strong>etiam</strong></span> <span class='ocrx_word' id='word_1_14' title='bbox 206 355 262 427; x_wconf 89' lang='lat' dir='ltr'><strong>illi,</strong></span> <span class='ocrx_word' id='word_1_15' title='bbox 276 356 329 435; x_wconf 93' lang='lat' dir='ltr'><strong>qui</strong></span> <span class='ocrx_word' id='word_1_16' title='bbox 399 355 511 415; x_wconf 80' lang='lat' dir='ltr'><strong>‘oribus</strong></span> <span class='ocrx_word' id='word_1_17' title='bbox 534 355 688 415; x_wconf 77' lang='lat' dir='ltr'><strong>sententiis</strong></span> <span class='ocrx_word' id='word_1_18' title='bbox 711 355 892 415; x_wconf 83' lang='lat' dir='ltr'><strong>nuliatenus</strong></span> <span class='ocrx_word' id='word_1_19' title='bbox 903 357 1044 426; x_wconf 64' lang='lat' dir='ltr'><strong>favento</strong></span> <span class='ocrx_word' id='word_1_20' title='bbox 1065 400 1072 422; x_wconf 84' lang='grc'>,</span> 
     </span>
     <span class='ocr_line' id='line_1_5' title="bbox 104 434 1072 515; baseline 0.002 -21"><span class='ocrx_word' id='word_1_21' title='bbox 104 436 242 513; x_wconf 67' lang='lat' dir='ltr'><strong>Thprsus</strong></span> <span class='ocrx_word' id='word_1_22' title='bbox 265 435 429 508; x_wconf 81' lang='lat' dir='ltr'><strong>Gonzalez,</strong></span> <span class='ocrx_word' id='word_1_23' title='bbox 456 435 598 506; x_wconf 74' lang='lat' dir='ltr'><strong>Annine,</strong></span> <span class='ocrx_word' id='word_1_24' title='bbox 626 436 735 506; x_wconf 90' lang='lat' dir='ltr'><strong>Collet,</strong></span> <span class='ocrx_word' id='word_1_25' title='bbox 770 434 921 508; x_wconf 76' lang='lat' dir='ltr'><strong>Consiua,</strong></span> <span class='ocrx_word' id='word_1_26' title='bbox 942 437 1045 515; x_wconf 84' lang='lat' dir='ltr'><strong>aliique,</strong></span> <span class='ocrx_word' id='word_1_27' title='bbox 1067 476 1072 503; x_wconf 55' lang='grc' dir='ltr'><strong>ι</strong></span> 
     </span>
     <span class='ocr_line' id='line_1_6' title="bbox 101 516 1047 593; baseline 0.004 -20"><span class='ocrx_word' id='word_1_28' title='bbox 101 516 393 593; x_wconf 84' lang='lat' dir='ltr'><strong>probabiliorismum</strong></span> <span class='ocrx_word' id='word_1_29' title='bbox 419 517 647 593; x_wconf 85' lang='lat' dir='ltr'><strong>amplectuutur,</strong></span> <span class='ocrx_word' id='word_1_30' title='bbox 672 517 705 576; x_wconf 89' lang='lat' dir='ltr'><strong>id</strong></span> <span class='ocrx_word' id='word_1_31' title='bbox 733 526 790 586; x_wconf 81' lang='lat' dir='ltr'><strong>est,</strong></span> <span class='ocrx_word' id='word_1_32' title='bbox 821 517 936 577; x_wconf 85' lang='lat' dir='ltr'><strong>docent</strong></span> <span class='ocrx_word' id='word_1_33' title='bbox 948 517 1047 577; x_wconf 84' lang='lat' dir='ltr'><strong>licitum</strong></span> 
     </span>
     <span class='ocr_line' id='line_1_7' title="bbox 102 597 1047 675; baseline 0.004 -22"><span class='ocrx_word' id='word_1_34' title='bbox 102 615 166 655; x_wconf 87' lang='lat' dir='ltr'><strong>esse</strong></span> <span class='ocrx_word' id='word_1_35' title='bbox 189 599 273 675; x_wconf 86' lang='lat' dir='ltr'><strong>sequi</strong></span> <span class='ocrx_word' id='word_1_36' title='bbox 286 597 515 675; x_wconf 76' lang='lat' dir='ltr'><strong>probabiliorem</strong></span> <span class='ocrx_word' id='word_1_37' title='bbox 529 597 623 655; x_wconf 79' lang='lat' dir='ltr'><strong>minias</strong></span> <span class='ocrx_word' id='word_1_38' title='bbox 636 606 743 667; x_wconf 86' lang='lat' dir='ltr'><strong>tutam,</strong></span> <span class='ocrx_word' id='word_1_39' title='bbox 758 597 870 656; x_wconf 70' lang='lat' dir='ltr'><strong>relicta</strong></span> <span class='ocrx_word' id='word_1_40' title='bbox 885 598 1047 675; x_wconf 71' lang='lat' dir='ltr'><strong>minuspo-</strong></span> 
     </span>
     <span class='ocr_line' id='line_1_8' title="bbox 98 674 1048 756; baseline 0.003 -22"><span class='ocrx_word' id='word_1_41' title='bbox 98 676 193 737; x_wconf 90' lang='lat' dir='ltr'><strong>babili</strong></span> <span class='ocrx_word' id='word_1_42' title='bbox 207 677 324 738; x_wconf 88' lang='lat' dir='ltr'><strong>tutiori:</strong></span> <span class='ocrx_word' id='word_1_43' title='bbox 345 677 442 747; x_wconf 81' lang='lat' dir='ltr'><strong>modo,</strong></span> <span class='ocrx_word' id='word_1_44' title='bbox 454 686 488 735; x_wconf 89' lang='lat' dir='ltr'><strong>ut</strong></span> <span class='ocrx_word' id='word_1_45' title='bbox 501 677 594 745; x_wconf 74' lang='lat' dir='ltr'><strong>aiunt,</strong></span> <span class='ocrx_word' id='word_1_46' title='bbox 608 676 647 735; x_wconf 89' lang='lat' dir='ltr'><strong>de</strong></span> <span class='ocrx_word' id='word_1_47' title='bbox 660 676 723 736; x_wconf 88' lang='lat' dir='ltr'><strong>sola</strong></span> <span class='ocrx_word' id='word_1_48' title='bbox 736 677 903 739; x_wconf 84' lang='lat' dir='ltr'><strong>honestate</strong></span> <span class='ocrx_word' id='word_1_49' title='bbox 911 674 1048 756; x_wconf 78' lang='lat' dir='ltr'><strong>objectiva</strong></span> 
     </span>
     <span class='ocr_line' id='line_1_9' title="bbox 100 755 1047 836; baseline 0.002 -21"><span class='ocrx_word' id='word_1_50' title='bbox 100 755 224 815; x_wconf 81' lang='lat' dir='ltr'><strong>actionis</strong></span> <span class='ocrx_word' id='word_1_51' title='bbox 231 767 345 836; x_wconf 78' lang='lat' dir='ltr'><strong>agatur.</strong></span> <span class='ocrx_word' id='word_1_52' title='bbox 391 756 556 836; x_wconf 84' lang='lat' dir='ltr'><strong>Excipiunt</strong></span> <span class='ocrx_word' id='word_1_53' title='bbox 576 767 676 816; x_wconf 86' lang='lat' dir='ltr'><strong>tamen</strong></span> <span class='ocrx_word' id='word_1_54' title='bbox 689 759 829 818; x_wconf 83' lang='lat' dir='ltr'><strong>Antoiue</strong></span> <span class='ocrx_word' id='word_1_55' title='bbox 843 769 877 819; x_wconf 79' lang='lat' dir='ltr'><strong>et</strong></span> <span class='ocrx_word' id='word_1_56' title='bbox 889 758 943 819; x_wconf 85' lang='lat' dir='ltr'><strong>alii</strong></span> <span class='ocrx_word' id='word_1_57' title='bbox 959 757 1047 828; x_wconf 66' lang='lat' dir='ltr'><strong>illain</strong></span> 
     </span>
     <span class='ocr_line' id='line_1_10' title="bbox 101 836 1047 916; baseline 0.002 -21"><span class='ocrx_word' id='word_1_58' title='bbox 101 836 211 915; x_wconf 86' lang='lat' dir='ltr'><strong>quibus</strong></span> <span class='ocrx_word' id='word_1_59' title='bbox 221 837 316 915; x_wconf 87' lang='lat' dir='ltr'><strong>major</strong></span> <span class='ocrx_word' id='word_1_60' title='bbox 323 836 517 915; x_wconf 88' lang='lat' dir='ltr'><strong>probabilitas</strong></span> <span class='ocrx_word' id='word_1_61' title='bbox 525 856 586 897; x_wconf 89' lang='lat' dir='ltr'><strong>nou</strong></span> <span class='ocrx_word' id='word_1_62' title='bbox 595 836 684 916; x_wconf 90' lang='lat' dir='ltr'><strong>juvat</strong></span> <span class='ocrx_word' id='word_1_63' title='bbox 693 837 733 896; x_wconf 83' lang='lat' dir='ltr'><strong>ad</strong></span> <span class='ocrx_word' id='word_1_64' title='bbox 744 839 953 897; x_wconf 90' lang='lat' dir='ltr'><strong>obtinendum</strong></span> <span class='ocrx_word' id='word_1_65' title='bbox 963 839 1047 910; x_wconf 83' lang='lat' dir='ltr'><strong>linem,</strong></span> 
     </span>
     <span class='ocr_line' id='line_1_11' title="bbox 102 917 1048 996; baseline 0.004 -22"><span class='ocrx_word' id='word_1_66' title='bbox 102 936 191 995; x_wconf 90' lang='lat' dir='ltr'><strong>quem</strong></span> <span class='ocrx_word' id='word_1_67' title='bbox 217 936 380 995; x_wconf 87' lang='lat' dir='ltr'><strong>procurare</strong></span> <span class='ocrx_word' id='word_1_68' title='bbox 406 928 563 987; x_wconf 84' lang='lat' dir='ltr'><strong>tenemur;</strong></span> <span class='ocrx_word' id='word_1_69' title='bbox 585 917 678 977; x_wconf 82' lang='lat' dir='ltr'><strong>veluti</strong></span> <span class='ocrx_word' id='word_1_70' title='bbox 704 918 780 977; x_wconf 88' lang='lat' dir='ltr'><strong>dum</strong></span> <span class='ocrx_word' id='word_1_71' title='bbox 803 919 914 996; x_wconf 76' lang='lat' dir='ltr'><strong>agitur</strong></span> <span class='ocrx_word' id='word_1_72' title='bbox 935 919 975 978; x_wconf 90' lang='lat' dir='ltr'><strong>de</strong></span> <span class='ocrx_word' id='word_1_73' title='bbox 991 919 1048 989; x_wconf 80' lang='lat' dir='ltr'><strong>illia,</strong></span> 
     </span>
     <span class='ocr_line' id='line_1_12' title="bbox 101 997 1049 1074; baseline 0.005 -20"><span class='ocrx_word' id='word_1_74' title='bbox 101 1015 169 1074; x_wconf 84' lang='lat' dir='ltr'><strong>quae</strong></span> <span class='ocrx_word' id='word_1_75' title='bbox 193 1007 263 1057; x_wconf 89' lang='lat' dir='ltr'><strong>sunt</strong></span> <span class='ocrx_word' id='word_1_76' title='bbox 289 998 454 1056; x_wconf 85' lang='lat' dir='ltr'><strong>necessaria</strong></span> <span class='ocrx_word' id='word_1_77' title='bbox 475 997 648 1057; x_wconf 83' lang='lat' dir='ltr'><strong>necessitate</strong></span> <span class='ocrx_word' id='word_1_78' title='bbox 674 997 767 1057; x_wconf 89' lang='lat' dir='ltr'><strong>medii</strong></span> <span class='ocrx_word' id='word_1_79' title='bbox 790 998 835 1057; x_wconf 89' lang='lat' dir='ltr'><strong>ad</strong></span> <span class='ocrx_word' id='word_1_80' title='bbox 857 999 1049 1070; x_wconf 82' lang='lat' dir='ltr'><strong>salutem‚aut</strong></span> 
     </span>
     <span class='ocr_line' id='line_1_13' title="bbox 101 1077 1048 1158; baseline 0.005 -24"><span class='ocrx_word' id='word_1_81' title='bbox 101 1095 168 1153; x_wconf 84' lang='lat' dir='ltr'><strong>quae</strong></span> <span class='ocrx_word' id='word_1_82' title='bbox 178 1077 374 1156; x_wconf 88' lang='lat' dir='ltr'><strong>requiruntur</strong></span> <span class='ocrx_word' id='word_1_83' title='bbox 383 1077 422 1137; x_wconf 88' lang='lat' dir='ltr'><strong>ad</strong></span> <span class='ocrx_word' id='word_1_84' title='bbox 431 1077 561 1137; x_wconf 85' lang='lat' dir='ltr'><strong>validam</strong></span> <span class='ocrx_word' id='word_1_85' title='bbox 570 1077 1048 1158; x_wconf 84' lang='lat' dir='ltr'><strong>administrationemetsnscepti-</strong></span> 
     </span>
     <span class='ocr_line' id='line_1_14' title="bbox 100 1157 1072 1238; baseline 0.007 -26"><span class='ocrx_word' id='word_1_86' title='bbox 100 1173 187 1214; x_wconf 88' lang='lat' dir='ltr'><strong>onem</strong></span> <span class='ocrx_word' id='word_1_87' title='bbox 209 1159 483 1237; x_wconf 70' lang='lat' dir='ltr'><strong>sacramentorum</strong></span> <span class='ocrx_word' id='word_1_88' title='bbox 512 1157 582 1217; x_wconf 89' lang='lat' dir='ltr'><strong>item</strong></span> <span class='ocrx_word' id='word_1_89' title='bbox 597 1158 671 1233; x_wconf 82' lang='lat' dir='ltr'><strong>dum</strong></span> <span class='ocrx_word' id='word_1_90' title='bbox 690 1158 792 1238; x_wconf 81' lang='lat' dir='ltr'><strong>agitur</strong></span> <span class='ocrx_word' id='word_1_91' title='bbox 814 1159 859 1217; x_wconf 87' lang='lat' dir='ltr'><strong>de</strong></span> <span class='ocrx_word' id='word_1_92' title='bbox 871 1160 1047 1238; x_wconf 61' lang='lat' dir='ltr'><strong>promum</strong></span> <span class='ocrx_word' id='word_1_93' title='bbox 1071 1220 1072 1231; x_wconf 54' lang='grc'>,</span> 
     </span>
     <span class='ocr_line' id='line_1_15' title="bbox 101 1236 756 1316; baseline 0.008 -23"><span class='ocrx_word' id='word_1_94' title='bbox 101 1236 234 1308; x_wconf 89' lang='lat' dir='ltr'><strong>sanitate,</strong></span> <span class='ocrx_word' id='word_1_95' title='bbox 249 1239 297 1297; x_wconf 82' lang='lat' dir='ltr'><strong>vel</strong></span> <span class='ocrx_word' id='word_1_96' title='bbox 310 1238 350 1297; x_wconf 86' lang='lat' dir='ltr'><strong>de</strong></span> <span class='ocrx_word' id='word_1_97' title='bbox 363 1238 486 1298; x_wconf 87' lang='lat' dir='ltr'><strong>vitando</strong></span> <span class='ocrx_word' id='word_1_98' title='bbox 499 1237 608 1297; x_wconf 89' lang='lat' dir='ltr'><strong>damno</strong></span> <span class='ocrx_word' id='word_1_99' title='bbox 617 1239 756 1316; x_wconf 85' lang='lat' dir='ltr'><strong>proximi.</strong></span> 
     </span>
    </p>

    <p class='ocr_par' dir='ltr' id='par_1_4' title="bbox 100 1317 1072 1800">
     <span class='ocr_line' id='line_1_16' title="bbox 143 1317 1072 1395; baseline 0.006 -19"><span class='ocrx_word' id='word_1_100' title='bbox 143 1317 185 1379; x_wconf 89' lang='lat' dir='ltr'><strong>ll.</strong></span> <span class='ocrx_word' id='word_1_101' title='bbox 202 1318 327 1378; x_wconf 76' lang='lat' dir='ltr'><strong>Interim</strong></span> <span class='ocrx_word' id='word_1_102' title='bbox 345 1319 490 1379; x_wconf 87' lang='lat' dir='ltr'><strong>sententia</strong></span> <span class='ocrx_word' id='word_1_103' title='bbox 502 1319 642 1395; x_wconf 81' lang='lat' dir='ltr'><strong>negativa</strong></span> <span class='ocrx_word' id='word_1_104' title='bbox 650 1318 907 1389; x_wconf 63' lang='lat' dir='ltr'><strong>lovaniensium,</strong></span> <span class='ocrx_word' id='word_1_105' title='bbox 918 1322 960 1382; x_wconf 93' lang='lat' dir='ltr'><strong>ob</strong></span> <span class='ocrx_word' id='word_1_106' title='bbox 972 1321 1044 1381; x_wconf 82' lang='lat' dir='ltr'><strong>ratio·</strong></span> <span class='ocrx_word' id='word_1_107' title='bbox 1071 1362 1072 1369; x_wconf 24' lang='grc' dir='ltr'><strong>κ</strong></span> 
     </span>
     <span class='ocr_line' id='line_1_17' title="bbox 100 1399 1069 1495; baseline 0.007 -40"><span class='ocrx_word' id='word_1_108' title='bbox 100 1417 153 1456; x_wconf 89' lang='lat' dir='ltr'><strong>nes</strong></span> <span class='ocrx_word' id='word_1_109' title='bbox 180 1399 362 1477; x_wconf 76' lang='lat' dir='ltr'><strong>precedenti</strong></span> <span class='ocrx_word' id='word_1_110' title='bbox 388 1419 514 1459; x_wconf 90' lang='lat' dir='ltr'><strong>numero</strong></span> <span class='ocrx_word' id='word_1_111' title='bbox 536 1399 690 1471; x_wconf 85' lang='lat' dir='ltr'><strong>adductas,</strong></span> <span class='ocrx_word' id='word_1_112' title='bbox 711 1400 836 1460; x_wconf 88' lang='lat' dir='ltr'><strong>videtur</strong></span> <span class='ocrx_word' id='word_1_113' title='bbox 850 1401 1041 1461; x_wconf 86' lang='lat' dir='ltr'><strong>verisimilior:</strong></span> <span class='ocrx_word' id='word_1_114' title='bbox 1060 1440 1069 1495; x_wconf 58' lang='lat' dir='ltr'><strong>p</strong></span> 
     </span>
     <span class='ocr_line' id='line_1_18' title="bbox 100 1478 1072 1576; baseline 0.008 -42"><span class='ocrx_word' id='word_1_115' title='bbox 100 1478 171 1538; x_wconf 72' lang='lat' dir='ltr'><strong>licet</strong></span> <span class='ocrx_word' id='word_1_116' title='bbox 193 1479 272 1538; x_wconf 89' lang='lat' dir='ltr'><strong>enim</strong></span> <span class='ocrx_word' id='word_1_117' title='bbox 296 1481 397 1559; x_wconf 91' lang='lat' dir='ltr'><strong>opinio</strong></span> <span class='ocrx_word' id='word_1_118' title='bbox 424 1489 608 1559; x_wconf 77' lang='lat' dir='ltr'><strong>supponatur</strong></span> <span class='ocrx_word' id='word_1_119' title='bbox 627 1480 824 1558; x_wconf 84' lang='lat' dir='ltr'><strong>probabilior,</strong></span> <span class='ocrx_word' id='word_1_120' title='bbox 840 1491 1039 1541; x_wconf 84' lang='lat' dir='ltr'><strong>manettamer</strong></span> <span class='ocrx_word' id='word_1_121' title='bbox 1068 1484 1072 1576; x_wconf 63' lang='lat' dir='ltr'><strong>i</strong></span> 
     </span>
     <span class='ocr_line' id='line_1_19' title="bbox 100 1557 1063 1638; baseline 0.008 -24"><span class='ocrx_word' id='word_1_122' title='bbox 100 1557 179 1618; x_wconf 87' lang='lat' dir='ltr'><strong>intra</strong></span> <span class='ocrx_word' id='word_1_123' title='bbox 196 1559 305 1620; x_wconf 88' lang='lat' dir='ltr'><strong>limites</strong></span> <span class='ocrx_word' id='word_1_124' title='bbox 328 1559 555 1638; x_wconf 88' lang='lat' dir='ltr'><strong>probabilitatis,</strong></span> <span class='ocrx_word' id='word_1_125' title='bbox 569 1560 633 1619; x_wconf 88' lang='lat' dir='ltr'><strong>sive</strong></span> <span class='ocrx_word' id='word_1_126' title='bbox 654 1571 776 1620; x_wconf 91' lang='lat' dir='ltr'><strong>nonest</strong></span> <span class='ocrx_word' id='word_1_127' title='bbox 788 1561 949 1637; x_wconf 70' lang='lat' dir='ltr'><strong>moraliter</strong></span> <span class='ocrx_word' id='word_1_128' title='bbox 961 1572 1038 1622; x_wconf 72' lang='lat' dir='ltr'><strong>emta:</strong></span> <span class='ocrx_word' id='word_1_129' title='bbox 1060 1600 1063 1605; x_wconf 90' lang='lat'>·</span> 
     </span>
     <span class='ocr_line' id='line_1_20' title="bbox 100 1641 1037 1722; baseline 0.005 -26"><span class='ocrx_word' id='word_1_130' title='bbox 100 1659 172 1716; x_wconf 82' lang='lat' dir='ltr'><strong>ergo</strong></span> <span class='ocrx_word' id='word_1_131' title='bbox 185 1660 250 1698; x_wconf 87' lang='lat' dir='ltr'><strong>eam</strong></span> <span class='ocrx_word' id='word_1_132' title='bbox 260 1660 386 1719; x_wconf 89' lang='lat' dir='ltr'><strong>sequens</strong></span> <span class='ocrx_word' id='word_1_133' title='bbox 397 1642 459 1700; x_wconf 72' lang='lat' dir='ltr'><strong>sine</strong></span> <span class='ocrx_word' id='word_1_134' title='bbox 473 1641 646 1700; x_wconf 75' lang='lat' dir='ltr'><strong>necessitate</strong></span> <span class='ocrx_word' id='word_1_135' title='bbox 655 1650 708 1701; x_wconf 86' lang='lat' dir='ltr'><strong>aut</strong></span> <span class='ocrx_word' id='word_1_136' title='bbox 716 1641 802 1720; x_wconf 87' lang='lat' dir='ltr'><strong>justa</strong></span> <span class='ocrx_word' id='word_1_137' title='bbox 815 1660 920 1712; x_wconf 85' lang='lat' dir='ltr'><strong>causa,</strong></span> <span class='ocrx_word' id='word_1_138' title='bbox 936 1642 1037 1722; x_wconf 83' lang='lat' dir='ltr'><strong>exponit</strong></span> 
     </span>
     <span class='ocr_line' id='line_1_21' title="bbox 100 1719 558 1800; baseline 0.009 -24"><span class='ocrx_word' id='word_1_139' title='bbox 100 1738 131 1776; x_wconf 87' lang='lat' dir='ltr'><strong>se</strong></span> <span class='ocrx_word' id='word_1_140' title='bbox 144 1719 278 1796; x_wconf 91' lang='lat' dir='ltr'><strong>periculo</strong></span> <span class='ocrx_word' id='word_1_141' title='bbox 288 1722 391 1779; x_wconf 89' lang='lat' dir='ltr'><strong>morali</strong></span> <span class='ocrx_word' id='word_1_142' title='bbox 404 1720 558 1800; x_wconf 83' lang='lat' dir='ltr'><strong>peccandi.</strong></span> 
     </span>
    </p>

    <p class='ocr_par' dir='ltr' id='par_1_5' title="bbox 88 1799 1072 2120">
     <span class='ocr_line' id='line_1_22' title="bbox 140 1799 1072 1882; baseline 0.005 -25"><span class='ocrx_word' id='word_1_143' title='bbox 140 1799 355 1860; x_wconf 81' lang='lat' dir='ltr'><strong>confirmatur:</strong></span> <span class='ocrx_word' id='word_1_144' title='bbox 383 1801 462 1860; x_wconf 89' lang='lat' dir='ltr'><strong>inter</strong></span> <span class='ocrx_word' id='word_1_145' title='bbox 471 1802 687 1879; x_wconf 83' lang='lat' dir='ltr'><strong>propositiones</strong></span> <span class='ocrx_word' id='word_1_146' title='bbox 699 1800 862 1862; x_wconf 59' lang='lat' dir='ltr'><strong>&amp;muratas</strong></span> <span class='ocrx_word' id='word_1_147' title='bbox 875 1812 963 1862; x_wconf 87' lang='lat' dir='ltr'><strong>erant</strong></span> <span class='ocrx_word' id='word_1_148' title='bbox 974 1821 1036 1882; x_wconf 83' lang='lat' dir='ltr'><strong>qua·</strong></span> <span class='ocrx_word' id='word_1_149' title='bbox 1061 1804 1072 1875; x_wconf 68' lang='grc' dir='ltr'><strong>ζ</strong></span> 
     </span>
     <span class='ocr_line' id='line_1_23' title="bbox 98 1872 1072 1960; baseline 0.005 -22"><span class='ocrx_word' id='word_1_150' title='bbox 98 1879 167 1938; x_wconf 85' lang='lat' dir='ltr'><strong>dam</strong></span> <span class='ocrx_word' id='word_1_151' title='bbox 181 1879 233 1939; x_wconf 93' lang='lat' dir='ltr'><strong>illo</strong></span> <span class='ocrx_word' id='word_1_152' title='bbox 246 1890 378 1958; x_wconf 88' lang='lat' dir='ltr'><strong>tempore</strong></span> <span class='ocrx_word' id='word_1_153' title='bbox 400 1882 631 1959; x_wconf 80' lang='lat' dir='ltr'><strong>probabiliores:</strong></span> <span class='ocrx_word' id='word_1_154' title='bbox 653 1882 737 1960; x_wconf 88' lang='lat' dir='ltr'><strong>atqui</strong></span> <span class='ocrx_word' id='word_1_155' title='bbox 760 1892 876 1953; x_wconf 66' lang='lat' dir='ltr'><strong>umen,</strong></span> <span class='ocrx_word' id='word_1_156' title='bbox 892 1895 928 1943; x_wconf 90' lang='lat' dir='ltr'><strong>ut</strong></span> <span class='ocrx_word' id='word_1_157' title='bbox 940 1883 1033 1942; x_wconf 70' lang='lat' dir='ltr'><strong>dimum</strong></span> <span class='ocrx_word' id='word_1_158' title='bbox 1062 1872 1072 1943; x_wconf 67' lang='lat' dir='ltr'><strong>i</strong></span> 
     </span>
     <span class='ocr_line' id='line_1_24' title="bbox 97 1960 1032 2042; baseline 0.002 -22"><span class='ocrx_word' id='word_1_159' title='bbox 97 1971 142 2020; x_wconf 83' lang='lat' dir='ltr'><strong>est</strong></span> <span class='ocrx_word' id='word_1_160' title='bbox 156 1981 192 2020; x_wconf 90' lang='lat' dir='ltr'><strong>ex</strong></span> <span class='ocrx_word' id='word_1_161' title='bbox 206 1960 378 2020; x_wconf 82' lang='lat' dir='ltr'><strong>Alexandro</strong></span> <span class='ocrx_word' id='word_1_162' title='bbox 391 1962 464 2021; x_wconf 90' lang='lat' dir='ltr'><strong>Vll.</strong></span> <span class='ocrx_word' id='word_1_163' title='bbox 477 1981 525 2020; x_wconf 84' lang='lat' dir='ltr'><strong>eas</strong></span> <span class='ocrx_word' id='word_1_164' title='bbox 539 1963 633 2022; x_wconf 88' lang='lat' dir='ltr'><strong>secuti</strong></span> <span class='ocrx_word' id='word_1_165' title='bbox 646 1982 707 2021; x_wconf 90' lang='lat' dir='ltr'><strong>non</strong></span> <span class='ocrx_word' id='word_1_166' title='bbox 720 1963 970 2022; x_wconf 58' lang='lat' dir='ltr'><strong>excusabuntur&amp;</strong></span> <span class='ocrx_word' id='word_1_167' title='bbox 981 1982 1032 2042; x_wconf 84' lang='lat' dir='ltr'><strong>pec·</strong></span> 
     </span>
     <span class='ocr_line' id='line_1_25' title="bbox 88 2053 1072 2120; baseline 0.01 -21"><span class='ocrx_word' id='word_1_168' title='bbox 88 2053 183 2100; x_wconf 75' lang='lat' dir='ltr'><strong>cato:</strong></span> <span class='ocrx_word' id='word_1_169' title='bbox 205 2063 285 2120; x_wconf 86' lang='lat' dir='ltr'><strong>ergo,</strong></span> <span class='ocrx_word' id='word_1_170' title='bbox 307 2054 362 2103; x_wconf 87' lang='lat' dir='ltr'><strong>etc.</strong></span> <span class='ocrx_word' id='word_1_171' title='bbox 1066 2097 1072 2111; x_wconf 76' lang='grc'><strong>,.</strong></span> 
     </span>
    </p>

    <p class='ocr_par' dir='ltr' id='par_1_6' title="bbox 88 2122 1072 2361">
     <span class='ocr_line' id='line_1_26' title="bbox 138 2122 1072 2203; baseline 0.007 -24"><span class='ocrx_word' id='word_1_172' title='bbox 138 2122 211 2200; x_wconf 86' lang='lat' dir='ltr'><strong>obj.</strong></span> <span class='ocrx_word' id='word_1_173' title='bbox 235 2123 337 2184; x_wconf 86' lang='lat' dir='ltr'><strong>Judex</strong></span> <span class='ocrx_word' id='word_1_174' title='bbox 360 2134 458 2202; x_wconf 89' lang='lat' dir='ltr'><strong>potest</strong></span> <span class='ocrx_word' id='word_1_175' title='bbox 475 2124 647 2203; x_wconf 86' lang='lat' dir='ltr'><strong>adjudicare</strong></span> <span class='ocrx_word' id='word_1_176' title='bbox 660 2144 724 2183; x_wconf 89' lang='lat' dir='ltr'><strong>rem</strong></span> <span class='ocrx_word' id='word_1_177' title='bbox 745 2124 800 2195; x_wconf 92' lang='lat' dir='ltr'><strong>illi,</strong></span> <span class='ocrx_word' id='word_1_178' title='bbox 816 2123 873 2202; x_wconf 90' lang='lat' dir='ltr'><strong>qui</strong></span> <span class='ocrx_word' id='word_1_179' title='bbox 888 2124 979 2184; x_wconf 89' lang='lat' dir='ltr'><strong>habet</strong></span> <span class='ocrx_word' id='word_1_180' title='bbox 995 2125 1033 2203; x_wconf 81' lang='lat' dir='ltr'><strong>jus</strong></span> <span class='ocrx_word' id='word_1_181' title='bbox 1066 2126 1072 2186; x_wconf 80' lang='grc'><strong>’.</strong></span> 
     </span>
     <span class='ocr_line' id='line_1_27' title="bbox 95 2203 1032 2283; baseline 0.004 -25"><span class='ocrx_word' id='word_1_182' title='bbox 95 2203 288 2278; x_wconf 87' lang='lat' dir='ltr'><strong>probabilius,</strong></span> <span class='ocrx_word' id='word_1_183' title='bbox 300 2203 370 2265; x_wconf 74' lang='lat' dir='ltr'><strong>licat</strong></span> <span class='ocrx_word' id='word_1_184' title='bbox 382 2226 442 2263; x_wconf 91' lang='lat' dir='ltr'><strong>non</strong></span> <span class='ocrx_word' id='word_1_185' title='bbox 457 2217 590 2265; x_wconf 89' lang='lat' dir='ltr'><strong>certum:</strong></span> <span class='ocrx_word' id='word_1_186' title='bbox 613 2225 685 2282; x_wconf 88' lang='lat' dir='ltr'><strong>ergo</strong></span> <span class='ocrx_word' id='word_1_187' title='bbox 698 2205 814 2265; x_wconf 90' lang='lat' dir='ltr'><strong>licitum</strong></span> <span class='ocrx_word' id='word_1_188' title='bbox 830 2214 879 2264; x_wconf 87' lang='lat' dir='ltr'><strong>est</strong></span> <span class='ocrx_word' id='word_1_189' title='bbox 890 2205 974 2283; x_wconf 87' lang='lat' dir='ltr'><strong>sequi</strong></span> <span class='ocrx_word' id='word_1_190' title='bbox 986 2224 1032 2262; x_wconf 86' lang='lat' dir='ltr'><strong>ma·</strong></span> 
     </span>
     <span class='ocr_line' id='line_1_28' title="bbox 88 2282 327 2361; baseline 0.013 -22"><span class='ocrx_word' id='word_1_191' title='bbox 88 2282 142 2359; x_wconf 86' lang='lat' dir='ltr'><strong>-gis</strong></span> <span class='ocrx_word' id='word_1_192' title='bbox 162 2284 327 2361; x_wconf 86' lang='lat' dir='ltr'><strong>probabile.</strong></span> 
     </span>
    </p>

    <p class='ocr_par' dir='ltr' id='par_1_7' title="bbox 93 2363 1034 2827">
     <span class='ocr_line' id='line_1_29' title="bbox 137 2363 1032 2444; baseline 0.002 -24"><span class='ocrx_word' id='word_1_193' title='bbox 137 2363 171 2420; x_wconf 88' lang='lat' dir='ltr'><strong>R.</strong></span> <span class='ocrx_word' id='word_1_194' title='bbox 186 2363 276 2437; x_wconf 78' lang='lat' dir='ltr'><strong>Quod</strong></span> <span class='ocrx_word' id='word_1_195' title='bbox 285 2364 380 2443; x_wconf 84' lang='lat' dir='ltr'><strong>judex</strong></span> <span class='ocrx_word' id='word_1_196' title='bbox 404 2366 437 2423; x_wconf 92' lang='lat' dir='ltr'><strong>in</strong></span> <span class='ocrx_word' id='word_1_197' title='bbox 461 2385 530 2425; x_wconf 87' lang='lat' dir='ltr'><strong>casu</strong></span> <span class='ocrx_word' id='word_1_198' title='bbox 547 2376 687 2442; x_wconf 89' lang='lat' dir='ltr'><strong>sequatur</strong></span> <span class='ocrx_word' id='word_1_199' title='bbox 699 2363 733 2421; x_wconf 90' lang='lat' dir='ltr'><strong>id</strong></span> <span class='ocrx_word' id='word_1_200' title='bbox 753 2363 839 2441; x_wconf 84' lang='lat' dir='ltr'><strong>quod</strong></span> <span class='ocrx_word' id='word_1_201' title='bbox 854 2377 900 2424; x_wconf 88' lang='lat' dir='ltr'><strong>est</strong></span> <span class='ocrx_word' id='word_1_202' title='bbox 913 2374 1032 2444; x_wconf 86' lang='lat' dir='ltr'><strong>respectu</strong></span> 
     </span>
     <span class='ocr_line' id='line_1_30' title="bbox 93 2442 1034 2522; baseline 0.005 -24"><span class='ocrx_word' id='word_1_203' title='bbox 93 2442 187 2518; x_wconf 90' lang='lat' dir='ltr'><strong>ipsius</strong></span> <span class='ocrx_word' id='word_1_204' title='bbox 200 2446 295 2522; x_wconf 80' lang='lat' dir='ltr'><strong>magis</strong></span> <span class='ocrx_word' id='word_1_205' title='bbox 306 2456 422 2505; x_wconf 86' lang='lat' dir='ltr'><strong>tutum:</strong></span> <span class='ocrx_word' id='word_1_206' title='bbox 437 2466 505 2505; x_wconf 89' lang='lat' dir='ltr'><strong>nam</strong></span> <span class='ocrx_word' id='word_1_207' title='bbox 514 2457 631 2505; x_wconf 87' lang='lat' dir='ltr'><strong>tenetur</strong></span> <span class='ocrx_word' id='word_1_208' title='bbox 644 2446 676 2504; x_wconf 90' lang='lat' dir='ltr'><strong>in</strong></span> <span class='ocrx_word' id='word_1_209' title='bbox 686 2465 756 2504; x_wconf 87' lang='lat' dir='ltr'><strong>casu</strong></span> <span class='ocrx_word' id='word_1_210' title='bbox 767 2445 850 2503; x_wconf 77' lang='lat' dir='ltr'><strong>ferre</strong></span> <span class='ocrx_word' id='word_1_211' title='bbox 860 2445 1034 2512; x_wconf 86' lang='lat' dir='ltr'><strong>sententiam,</strong></span> 
     </span>
     <span class='ocr_line' id='line_1_31' title="bbox 94 2522 1033 2604; baseline -0.001 -21"><span class='ocrx_word' id='word_1_212' title='bbox 94 2523 196 2602; x_wconf 87' lang='lat' dir='ltr'><strong>sicque</strong></span> <span class='ocrx_word' id='word_1_213' title='bbox 220 2522 420 2604; x_wconf 85' lang='lat' dir='ltr'><strong>adjudicando</strong></span> <span class='ocrx_word' id='word_1_214' title='bbox 445 2547 507 2586; x_wconf 90' lang='lat' dir='ltr'><strong>rem</strong></span> <span class='ocrx_word' id='word_1_215' title='bbox 532 2527 585 2596; x_wconf 91' lang='lat' dir='ltr'><strong>illi,</strong></span> <span class='ocrx_word' id='word_1_216' title='bbox 608 2526 660 2602; x_wconf 93' lang='lat' dir='ltr'><strong>qui</strong></span> <span class='ocrx_word' id='word_1_217' title='bbox 673 2525 764 2585; x_wconf 87' lang='lat' dir='ltr'><strong>habet</strong></span> <span class='ocrx_word' id='word_1_218' title='bbox 784 2524 838 2602; x_wconf 88' lang='lat' dir='ltr'><strong>jus</strong></span> <span class='ocrx_word' id='word_1_219' title='bbox 852 2525 1033 2603; x_wconf 86' lang='lat' dir='ltr'><strong>probabilius,</strong></span> 
     </span>
     <span class='ocr_line' id='line_1_32' title="bbox 95 2602 1034 2683; baseline 0.003 -24"><span class='ocrx_word' id='word_1_220' title='bbox 95 2602 185 2681; x_wconf 84' lang='lat' dir='ltr'><strong>elegit</strong></span> <span class='ocrx_word' id='word_1_221' title='bbox 198 2605 229 2662; x_wconf 90' lang='lat' dir='ltr'><strong>in</strong></span> <span class='ocrx_word' id='word_1_222' title='bbox 240 2608 413 2665; x_wconf 75' lang='lat' dir='ltr'><strong>necessitate</strong></span> <span class='ocrx_word' id='word_1_223' title='bbox 423 2607 531 2683; x_wconf 88' lang='lat' dir='ltr'><strong>agendi</strong></span> <span class='ocrx_word' id='word_1_224' title='bbox 541 2607 582 2677; x_wconf 89' lang='lat' dir='ltr'><strong>id,</strong></span> <span class='ocrx_word' id='word_1_225' title='bbox 596 2605 678 2683; x_wconf 84' lang='lat' dir='ltr'><strong>quod</strong></span> <span class='ocrx_word' id='word_1_226' title='bbox 689 2604 735 2663; x_wconf 83' lang='lat' dir='ltr'><strong>est</strong></span> <span class='ocrx_word' id='word_1_227' title='bbox 745 2605 843 2682; x_wconf 81' lang='lat' dir='ltr'><strong>magis</strong></span> <span class='ocrx_word' id='word_1_228' title='bbox 857 2617 976 2665; x_wconf 87' lang='lat' dir='ltr'><strong>tutum:</strong></span> <span class='ocrx_word' id='word_1_229' title='bbox 991 2605 1034 2663; x_wconf 87' lang='lat' dir='ltr'><strong>hot</strong></span> 
     </span>
     <span class='ocr_line' id='line_1_33' title="bbox 94 2683 1034 2764; baseline 0.006 -24"><span class='ocrx_word' id='word_1_230' title='bbox 94 2694 194 2743; x_wconf 90' lang='lat' dir='ltr'><strong>autem</strong></span> <span class='ocrx_word' id='word_1_231' title='bbox 204 2685 320 2746; x_wconf 90' lang='lat' dir='ltr'><strong>licitum</strong></span> <span class='ocrx_word' id='word_1_232' title='bbox 334 2697 378 2745; x_wconf 88' lang='lat' dir='ltr'><strong>est</strong></span> <span class='ocrx_word' id='word_1_233' title='bbox 389 2687 477 2764; x_wconf 86' lang='lat' dir='ltr'><strong>juxta</strong></span> <span class='ocrx_word' id='word_1_234' title='bbox 492 2689 582 2745; x_wconf 85' lang='lat' dir='ltr'><strong>Num.</strong></span> <span class='ocrx_word' id='word_1_235' title='bbox 600 2693 665 2746; x_wconf 74' lang='lat'>182.</span> <span class='ocrx_word' id='word_1_236' title='bbox 681 2683 790 2744; x_wconf 86' lang='lat' dir='ltr'><strong>deinde</strong></span> <span class='ocrx_word' id='word_1_237' title='bbox 803 2685 960 2764; x_wconf 80' lang='lat' dir='ltr'><strong>litigantes</strong></span> <span class='ocrx_word' id='word_1_238' title='bbox 980 2705 1034 2745; x_wconf 79' lang='lat' dir='ltr'><strong>een·</strong></span> 
     </span>
     <span class='ocr_line' id='line_1_34' title="bbox 94 2766 501 2827; baseline 0.007 -8"><span class='ocrx_word' id='word_1_239' title='bbox 94 2775 196 2823; x_wconf 87' lang='lat' dir='ltr'><strong>sentur</strong></span> <span class='ocrx_word' id='word_1_240' title='bbox 211 2766 241 2821; x_wconf 92' lang='lat' dir='ltr'><strong>in</strong></span> <span class='ocrx_word' id='word_1_241' title='bbox 255 2766 312 2826; x_wconf 94' lang='lat' dir='ltr'><strong>hoc</strong></span> <span class='ocrx_word' id='word_1_242' title='bbox 327 2767 501 2827; x_wconf 87' lang='lat' dir='ltr'><strong>consentire.</strong></span> 
     </span>
    </p>

    <p class='ocr_par' dir='ltr' id='par_1_8' title="bbox 91 2844 1072 3727">
     <span class='ocr_line' id='line_1_35' title="bbox 133 2844 1036 2925; baseline 0.006 -24"><span class='ocrx_word' id='word_1_243' title='bbox 133 2845 316 2918; x_wconf 86' lang='lat' dir='ltr'><strong>Notandum,</strong></span> <span class='ocrx_word' id='word_1_244' title='bbox 345 2846 425 2925; x_wconf 77' lang='lat' dir='ltr'><strong>quod</strong></span> <span class='ocrx_word' id='word_1_245' title='bbox 447 2847 598 2907; x_wconf 84' lang='lat' dir='ltr'><strong>Authores</strong></span> <span class='ocrx_word' id='word_1_246' title='bbox 621 2844 758 2924; x_wconf 85' lang='lat' dir='ltr'><strong>plerique</strong></span> <span class='ocrx_word' id='word_1_247' title='bbox 786 2845 839 2924; x_wconf 91' lang='lat' dir='ltr'><strong>qui</strong></span> <span class='ocrx_word' id='word_1_248' title='bbox 870 2846 1036 2906; x_wconf 85' lang='lat' dir='ltr'><strong>seutentiam</strong></span> 
     </span>
     <span class='ocr_line' id='line_1_36' title="bbox 91 2923 1072 2997; baseline 0.003 -17"><span class='ocrx_word' id='word_1_249' title='bbox 91 2923 296 2984; x_wconf 84' lang='lat' dir='ltr'><strong>affirmativam</strong></span> <span class='ocrx_word' id='word_1_250' title='bbox 309 2937 441 2997; x_wconf 89' lang='lat' dir='ltr'><strong>tuentur,</strong></span> <span class='ocrx_word' id='word_1_251' title='bbox 456 2928 488 2986; x_wconf 91' lang='lat' dir='ltr'><strong>in</strong></span> <span class='ocrx_word' id='word_1_252' title='bbox 502 2947 535 2985; x_wconf 91' lang='lat' dir='ltr'><strong>re</strong></span> <span class='ocrx_word' id='word_1_253' title='bbox 547 2947 607 2984; x_wconf 91' lang='lat' dir='ltr'><strong>non</strong></span> <span class='ocrx_word' id='word_1_254' title='bbox 619 2925 749 2985; x_wconf 79' lang='lat' dir='ltr'><strong>multum</strong></span> <span class='ocrx_word' id='word_1_255' title='bbox 762 2924 881 2985; x_wconf 69' lang='lat' dir='ltr'><strong>anobis</strong></span> <span class='ocrx_word' id='word_1_256' title='bbox 891 2927 1036 2985; x_wconf 69' lang='lat' dir='ltr'><strong>differenti</strong></span> <span class='ocrx_word' id='word_1_257' title='bbox 1070 2924 1072 2941; x_wconf 92' lang='lat'>&#39;</span> 
     </span>
     <span class='ocr_line' id='line_1_37' title="bbox 91 3003 1036 3085; baseline 0.001 -25"><span class='ocrx_word' id='word_1_258' title='bbox 91 3003 249 3081; x_wconf 85' lang='lat' dir='ltr'><strong>requirunt</strong></span> <span class='ocrx_word' id='word_1_259' title='bbox 259 3008 337 3065; x_wconf 90' lang='lat' dir='ltr'><strong>enim</strong></span> <span class='ocrx_word' id='word_1_260' title='bbox 348 3017 463 3065; x_wconf 90' lang='lat' dir='ltr'><strong>tantum</strong></span> <span class='ocrx_word' id='word_1_261' title='bbox 473 3007 691 3085; x_wconf 85' lang='lat' dir='ltr'><strong>probabilitatis</strong></span> <span class='ocrx_word' id='word_1_262' title='bbox 700 3025 855 3065; x_wconf 85' lang='lat' dir='ltr'><strong>excessum</strong></span> <span class='ocrx_word' id='word_1_263' title='bbox 866 3007 897 3063; x_wconf 91' lang='lat' dir='ltr'><strong>in</strong></span> <span class='ocrx_word' id='word_1_264' title='bbox 906 3005 1036 3085; x_wconf 88' lang='lat' dir='ltr'><strong>probabi·</strong></span> 
     </span>
     <span class='ocr_line' id='line_1_38' title="bbox 91 3083 1037 3165; baseline 0.002 -25"><span class='ocrx_word' id='word_1_265' title='bbox 91 3083 165 3143; x_wconf 90' lang='lat' dir='ltr'><strong>liore</strong></span> <span class='ocrx_word' id='word_1_266' title='bbox 175 3086 270 3145; x_wconf 79' lang='lat' dir='ltr'><strong>minus</strong></span> <span class='ocrx_word' id='word_1_267' title='bbox 279 3096 352 3158; x_wconf 91' lang='lat' dir='ltr'><strong>tuta,</strong></span> <span class='ocrx_word' id='word_1_268' title='bbox 360 3099 392 3146; x_wconf 93' lang='lat' dir='ltr'><strong>ut</strong></span> <span class='ocrx_word' id='word_1_269' title='bbox 400 3085 862 3164; x_wconf 86' lang='lat' dir='ltr'><strong>quodammodoprobabilissima</strong></span> <span class='ocrx_word' id='word_1_270' title='bbox 871 3086 935 3146; x_wconf 90' lang='lat' dir='ltr'><strong>dici</strong></span> <span class='ocrx_word' id='word_1_271' title='bbox 945 3086 1037 3165; x_wconf 86' lang='lat' dir='ltr'><strong>possit,</strong></span> 
     </span>
     <span class='ocr_line' id='line_1_39' title="bbox 92 3165 1038 3244; baseline 0.002 -22"><span class='ocrx_word' id='word_1_272' title='bbox 92 3172 122 3222; x_wconf 86' lang='lat' dir='ltr'><strong>et</strong></span> <span class='ocrx_word' id='word_1_273' title='bbox 135 3167 271 3244; x_wconf 88' lang='lat' dir='ltr'><strong>opposita</strong></span> <span class='ocrx_word' id='word_1_274' title='bbox 284 3168 376 3227; x_wconf 90' lang='lat' dir='ltr'><strong>tutior</strong></span> <span class='ocrx_word' id='word_1_275' title='bbox 395 3168 433 3227; x_wconf 88' lang='lat' dir='ltr'><strong>sit</strong></span> <span class='ocrx_word' id='word_1_276' title='bbox 451 3168 544 3226; x_wconf 74' lang='lat' dir='ltr'><strong>solim</strong></span> <span class='ocrx_word' id='word_1_277' title='bbox 558 3167 663 3225; x_wconf 84' lang='lat' dir='ltr'><strong>leviter</strong></span> <span class='ocrx_word' id='word_1_278' title='bbox 675 3165 850 3244; x_wconf 76' lang='lat' dir='ltr'><strong>probabilis</strong></span> <span class='ocrx_word' id='word_1_279' title='bbox 896 3166 1000 3226; x_wconf 80' lang='lat' dir='ltr'><strong>Refert</strong></span> <span class='ocrx_word' id='word_1_280' title='bbox 1013 3167 1038 3224; x_wconf 92' lang='lat' dir='ltr'><strong>iu</strong></span> 
     </span>
     <span class='ocr_line' id='line_1_40' title="bbox 92 3244 1038 3322; baseline 0.003 -21"><span class='ocrx_word' id='word_1_281' title='bbox 92 3244 170 3305; x_wconf 86' lang='lat' dir='ltr'><strong>hanc</strong></span> <span class='ocrx_word' id='word_1_282' title='bbox 179 3267 241 3306; x_wconf 90' lang='lat' dir='ltr'><strong>rem</strong></span> <span class='ocrx_word' id='word_1_283' title='bbox 253 3247 386 3309; x_wconf 87' lang='lat' dir='ltr'><strong>Boudart</strong></span> <span class='ocrx_word' id='word_1_284' title='bbox 397 3249 540 3306; x_wconf 85' lang='lat' dir='ltr'><strong>Tractatu</strong></span> <span class='ocrx_word' id='word_1_285' title='bbox 561 3247 631 3304; x_wconf 87' lang='lat' dir='ltr'><strong>“de</strong></span> <span class='ocrx_word' id='word_1_286' title='bbox 643 3245 862 3314; x_wconf 86' lang='lat' dir='ltr'><strong>Conscientia,’&#39;</strong></span> <span class='ocrx_word' id='word_1_287' title='bbox 877 3246 892 3322; x_wconf 65' lang='grc' dir='ltr'><strong><em>ξ</em></strong></span> <span class='ocrx_word' id='word_1_288' title='bbox 905 3256 957 3308; x_wconf 88' lang='lat'><strong>48.</strong></span> <span class='ocrx_word' id='word_1_289' title='bbox 977 3266 1038 3306; x_wconf 84' lang='lat' dir='ltr'><strong>cou-</strong></span> 
     </span>
     <span class='ocr_line' id='line_1_41' title="bbox 92 3325 1039 3404; baseline 0.003 -22"><span class='ocrx_word' id='word_1_290' title='bbox 92 3325 248 3385; x_wconf 86' lang='lat' dir='ltr'><strong>ferentiam</strong></span> <span class='ocrx_word' id='word_1_291' title='bbox 261 3330 359 3387; x_wconf 85' lang='lat' dir='ltr'><strong>Romae</strong></span> <span class='ocrx_word' id='word_1_292' title='bbox 384 3327 515 3386; x_wconf 85' lang='lat' dir='ltr'><strong>habitam</strong></span> <span class='ocrx_word' id='word_1_293' title='bbox 529 3327 607 3386; x_wconf 89' lang='lat' dir='ltr'><strong>iuter</strong></span> <span class='ocrx_word' id='word_1_294' title='bbox 622 3329 645 3385; x_wconf 90' lang='lat' dir='ltr'>F</span> <span class='ocrx_word' id='word_1_295' title='bbox 647 3344 807 3404; x_wconf 87' lang='lat' dir='ltr'><strong>agnanum,</strong></span> <span class='ocrx_word' id='word_1_296' title='bbox 826 3325 893 3384; x_wconf 91' lang='lat' dir='ltr'><strong>Van</strong></span> <span class='ocrx_word' id='word_1_297' title='bbox 910 3329 1004 3387; x_wconf 88' lang='lat' dir='ltr'><strong>Viane</strong></span> <span class='ocrx_word' id='word_1_298' title='bbox 1015 3337 1039 3385; x_wconf 87' lang='lat' dir='ltr'><strong>et</strong></span> 
     </span>
     <span class='ocr_line' id='line_1_42' title="bbox 94 3403 1039 3486; baseline 0.004 -23"><span class='ocrx_word' id='word_1_299' title='bbox 94 3407 239 3482; x_wconf 70' lang='lat' dir='ltr'><strong>steyaert:</strong></span> <span class='ocrx_word' id='word_1_300' title='bbox 253 3408 285 3465; x_wconf 88' lang='lat' dir='ltr'><strong>in</strong></span> <span class='ocrx_word' id='word_1_301' title='bbox 294 3429 353 3486; x_wconf 89' lang='lat' dir='ltr'><strong>qua</strong></span> <span class='ocrx_word' id='word_1_302' title='bbox 361 3418 540 3466; x_wconf 90' lang='lat' dir='ltr'><strong>conventum</strong></span> <span class='ocrx_word' id='word_1_303' title='bbox 551 3418 605 3477; x_wconf 87' lang='lat' dir='ltr'><strong>est,</strong></span> <span class='ocrx_word' id='word_1_304' title='bbox 619 3414 639 3440; x_wconf 92' lang='lat'><strong>“</strong></span> <span class='ocrx_word' id='word_1_305' title='bbox 649 3408 680 3466; x_wconf 88' lang='lat' dir='ltr'><strong>Si</strong></span> <span class='ocrx_word' id='word_1_306' title='bbox 690 3403 875 3484; x_wconf 87' lang='lat' dir='ltr'><strong>probabilior</strong></span> <span class='ocrx_word' id='word_1_307' title='bbox 885 3416 950 3467; x_wconf 89' lang='lat' dir='ltr'><strong>tam</strong></span> <span class='ocrx_word' id='word_1_308' title='bbox 964 3420 1039 3466; x_wconf 91' lang='lat' dir='ltr'><strong>nota·</strong></span> 
     </span>
     <span class='ocr_line' id='line_1_43' title="bbox 94 3486 1040 3566; baseline 0.002 -23"><span class='ocrx_word' id='word_1_309' title='bbox 94 3493 114 3519; x_wconf 87' lang='lat'><strong>“</strong></span> <span class='ocrx_word' id='word_1_310' title='bbox 127 3486 227 3544; x_wconf 88' lang='lat' dir='ltr'><strong>biliter</strong></span> <span class='ocrx_word' id='word_1_311' title='bbox 238 3488 395 3547; x_wconf 88' lang='lat' dir='ltr'><strong>excederet</strong></span> <span class='ocrx_word' id='word_1_312' title='bbox 408 3487 574 3566; x_wconf 87' lang='lat' dir='ltr'><strong>oppositam</strong></span> <span class='ocrx_word' id='word_1_313' title='bbox 588 3488 727 3546; x_wconf 87' lang='lat' dir='ltr'><strong>tutiorem</strong></span> <span class='ocrx_word' id='word_1_314' title='bbox 739 3486 770 3544; x_wconf 90' lang='lat' dir='ltr'><strong>in</strong></span> <span class='ocrx_word' id='word_1_315' title='bbox 780 3486 1040 3562; x_wconf 65' lang='lat' dir='ltr'><strong>probabilitatem</strong></span> 
     </span>
     <span class='ocr_line' id='line_1_44' title="bbox 94 3564 1041 3646; baseline 0.003 -23"><span class='ocrx_word' id='word_1_316' title='bbox 94 3573 112 3599; x_wconf 89' lang='lat'><strong>‘·</strong></span> <span class='ocrx_word' id='word_1_317' title='bbox 128 3566 803 3646; x_wconf 86' lang='lat' dir='ltr'><strong>rationesejusquodammodooffuscaretetvix</strong></span> <span class='ocrx_word' id='word_1_318' title='bbox 812 3564 922 3643; x_wconf 75' lang='lat' dir='ltr'><strong>dignas</strong></span> <span class='ocrx_word' id='word_1_319' title='bbox 931 3568 1041 3628; x_wconf 82' lang='lat' dir='ltr'><strong>reflexi·</strong></span> 
     </span>
     <span class='ocr_line' id='line_1_45' title="bbox 96 3646 1041 3727; baseline 0.008 -27"><span class='ocrx_word' id='word_1_320' title='bbox 96 3652 113 3677; x_wconf 83' lang='lat'><strong>‘⁸</strong></span> <span class='ocrx_word' id='word_1_321' title='bbox 130 3665 186 3704; x_wconf 90' lang='lat' dir='ltr'><strong>one</strong></span> <span class='ocrx_word' id='word_1_322' title='bbox 194 3647 553 3727; x_wconf 84' lang='lat' dir='ltr'><strong>redderet...probabilior</strong></span> <span class='ocrx_word' id='word_1_323' title='bbox 563 3647 615 3705; x_wconf 90' lang='lat' dir='ltr'><strong>illa</strong></span> <span class='ocrx_word' id='word_1_324' title='bbox 623 3647 656 3705; x_wconf 84' lang='lat' dir='ltr'><strong>fit</strong></span> <span class='ocrx_word' id='word_1_325' title='bbox 666 3646 887 3724; x_wconf 87' lang='lat' dir='ltr'><strong>quodammodo</strong></span> <span class='ocrx_word' id='word_1_326' title='bbox 898 3650 1041 3708; x_wconf 83' lang='lat' dir='ltr'><strong>moraliter</strong></span> 
     </span>
    </p>
   </div>
   <div class='ocr_carea' id='block_1_4' title="bbox 83 3724 1064 3897">
    <p class='ocr_par' dir='ltr' id='par_1_9' title="bbox 83 3724 1064 3897">
     <span class='ocr_line' id='line_1_46' title="bbox 91 3724 1041 3811; baseline -0.001 -25"><span class='ocrx_word' id='word_1_327' title='bbox 91 3732 113 3759; x_wconf 85' lang='lat'><em>“</em></span> <span class='ocrx_word' id='word_1_328' title='bbox 128 3738 222 3790; x_wconf 78' lang='lat' dir='ltr'><strong>certa:</strong></span> <span class='ocrx_word' id='word_1_329' title='bbox 243 3730 347 3811; x_wconf 88' lang='lat' dir='ltr'><strong>sicque</strong></span> <span class='ocrx_word' id='word_1_330' title='bbox 361 3732 426 3791; x_wconf 76' lang='lat' dir='ltr'><strong>tuto</strong></span> <span class='ocrx_word' id='word_1_331' title='bbox 438 3728 581 3808; x_wconf 83' lang='lat' dir='ltr'><strong>amplecti</strong></span> <span class='ocrx_word' id='word_1_332' title='bbox 587 3730 712 3804; x_wconf 57' lang='lat' dir='ltr'><strong>potest?</strong></span> <span class='ocrx_word' id='word_1_333' title='bbox 730 3724 973 3784; x_wconf 70' lang='lat' dir='ltr'><strong>auuebattameu</strong></span> <span class='ocrx_word' id='word_1_334' title='bbox 981 3729 1041 3786; x_wconf 83' lang='lat' dir='ltr'><strong>Van</strong></span> 
     </span>
     <span class='ocr_line' id='line_1_47' title="bbox 83 3801 1064 3897; baseline -0.011 -30"><span class='ocrx_word' id='word_1_335' title='bbox 83 3808 201 3873; x_wconf 84' lang='lat' dir='ltr'><strong>Viane:</strong></span> <span class='ocrx_word' id='word_1_336' title='bbox 218 3821 240 3850; x_wconf 83' lang='lat'><em>“</em></span> <span class='ocrx_word' id='word_1_337' title='bbox 250 3815 283 3875; x_wconf 96' lang='lat' dir='ltr'>N</span> <span class='ocrx_word' id='word_1_338' title='bbox 285 3836 326 3876; x_wconf 91' lang='lat' dir='ltr'><strong>on</strong></span> <span class='ocrx_word' id='word_1_339' title='bbox 336 3811 516 3897; x_wconf 74' lang='lat' dir='ltr'><strong>promiscue</strong></span> <span class='ocrx_word' id='word_1_340' title='bbox 527 3805 720 3887; x_wconf 71' lang='lat' dir='ltr'><strong>sequenbam</strong></span> <span class='ocrx_word' id='word_1_341' title='bbox 726 3801 961 3868; x_wconf 49' lang='lat' dir='ltr'><strong>assemanum</strong></span> <span class='ocrx_word' id='word_1_342' title='bbox 970 3804 1064 3875; x_wconf 63' lang='lat' dir='ltr'><strong>»Kaous</strong></span> 
     </span>
    </p>
   </div>
   <div class='ocr_carea' id='block_1_5' title="bbox 0 0 1084 4072">
    <p class='ocr_par' dir='ltr' id='par_1_10' title="bbox 0 0 1084 4072">
     <span class='ocr_line' id='line_1_48' title="bbox 0 0 1084 4072; baseline 0 1"><span class='ocrx_word' id='word_1_343' title='bbox 0 0 1084 4072; x_wconf 95' lang='lat' dir='ltr'><strong> </strong></span> 
     </span>
    </p>
   </div>
  </div>
 </body>
</html>
