2160 4072
243 119 288 167 nu
311 121 455 166 accisus
477 122 643 166 uuuaxrs.
861 105 926 176 229
1007 165 1010 168 ,

39 267 199 327 lotandum
218 269 330 338 etiam,
343 267 423 346 quod
445 277 527 327 certo
540 277 678 347 respectu
691 268 787 329 omnis
798 267 925 330 circum-

39 349 87 406 tia
110 348 206 426 possit
230 349 290 408 dici
303 349 453 428 objectum
477 360 615 426 respectu
628 348 741 408 scilicet
753 352 837 410 actus
850 351 926 409 inte·

43 429 237 500 considerati,
260 440 350 507 prout
363 448 432 488 cum
446 429 584 488 omnibus
598 430 827 491 circumstantiis
842 450 926 490 exer·

39 529 85 566 rr:
101 521 133 567 et
143 510 186 567 ita
196 509 320 588 qualitas
328 527 462 586 personae
471 509 648 587 conjugatae,
663 509 734 570 licet
747 509 926 570 sitcircum·

39 589 89 648 itia
112 601 253 668 respectu
275 588 488 659 fornicationis,
513 609 573 647 non
597 601 642 650 est
668 601 768 648 tomen
788 601 927 670 respectu

39 668 132 740 iterii,
148 669 350 748 sedrespectu
363 669 454 748 hujus
468 679 513 728 est
520 670 646 748 partiale
656 670 816 748 objectum.
858 673 927 733 Hoc

39 770 67 808 su
82 750 227 830 intelligit
241 753 270 810 S.
285 748 393 808 Thom.
407 759 511 827 quaest.
528 760 574 820 19.
588 763 643 810 art.
658 759 686 810 2.

115 870 155 928 Ν.
169 869 217 932 65.
240 871 299 930 DE
320 870 435 930 ACTU
458 870 784 931 INDIFFERENTI.

149 990 180 1048 S.
199 991 300 1085 Teon..
320 997 345 1050 1.
359 999 389 1050 2.
406 997 502 1068 quoeat.
519 998 565 1050 18.
581 999 637 1049 ort.
652 998 680 1062 8,
696 999 721 1048 et
736 1001 765 1062 9,

39 1111 121 1169 dctus
145 1108 320 1189 indifferens.
363 1110 405 1167 11.
428 1108 526 1168 Datur
539 1108 686 1168 secacnddm
701 1111 825 1188 speciem.
870 1113 929 1173 111.

39 1189 89 1246 ton
114 1188 145 1246 in
169 1187 320 1248 individuo.
377 1190 430 1247 IV.
466 1189 533 1248 Non
560 1197 651 1247 tomen
676 1194 763 1248 omnis
788 1201 869 1250 octus
890 1202 930 1252 eu

39 1267 181 1326 teritorio-s
193 1266 237 1326 ael
248 1266 446 1327 demeritorius.

39 1389 52 1446 ’.
88 1387 418 1448 OBSERVANDUM
443 1385 483 1457 1⁰,
498 1397 596 1445 actum
610 1387 828 1449 indifferentem
843 1389 929 1449 intel-

51 1467 148 1536 illum,
170 1467 223 1545 qui
236 1486 335 1546 neque
347 1471 445 1528 bonus
460 1467 499 1524 sit
512 1486 610 1543 neque
623 1468 726 1527 malus.

39 1549 65 1607 2⁰.
83 1547 145 1606 Hic
158 1567 219 1606 non
232 1547 282 1624 agi
295 1547 334 1606 de
347 1557 415 1607 actu
430 1545 568 1617 hominis,
582 1546 635 1604 sed
650 1548 688 1606 de
701 1558 771 1608 actu
785 1548 925 1608 humano.

39 1629 126 1686 ’otest
139 1638 239 1686 antem
252 1637 335 1688 actus
349 1628 497 1686 humanus
510 1626 670 1704 dupliciter
685 1628 873 1701 considerari,
899 1631 932 1689 in

39 1709 83 1767 cia
95 1707 211 1767 scilicet
224 1718 254 1766 et
269 1709 301 1766 in
314 1706 485 1766 individuo:
512 1719 595 1768 actus
618 1708 744 1767 sumitur
769 1710 930 1769 secundum

39 1789 123 1859 ciem,
148 1788 220 1846 dum
234 1798 421 1866 comparatur
435 1786 472 1846 ad
488 1787 584 1845 solum
597 1786 749 1864 objectum
764 1810 861 1860 suum,
876 1791 930 1849 ab·

39 1868 144 1928 rhendo
154 1868 173 1927 d
184 1868 243 1927 fine
254 1879 283 1927 et
295 1867 523 1928 circumstantiis
535 1890 542 1925 a
558 1879 708 1944 spectatur
718 1868 749 1926 in
762 1869 929 1939 individuo,

39 1970 56 2007 n
70 1948 275 2008 consideratur
288 1959 378 2026 prout
391 1948 441 2005 hic
454 1958 484 2006 et
497 1967 578 2005 nunc
591 1949 714 2024 ponitur
728 1968 797 2007 cum
818 1951 876 2009 fine
901 1962 931 2009 et

39 2030 124 2088 nibus
137 2028 199 2088 suis
213 2028 449 2089 circumstantiis.

39 2111 75 2168 ln
87 2110 176 2169 datur
190 2120 273 2169 actus
286 2108 404 2168 moralis
418 2106 610 2168 indifferens?

39 2189 62 2248 l.
76 2193 153 2250 Cum
177 2189 329 2250 S.‘Thom.
353 2189 408 2248 loc.
434 2189 484 2247 cit:
507 2187 571 2246 dari
593 2197 692 2246 actum
714 2189 930 2251 indifferentem

39 2269 150 2329 undum
164 2269 302 2348 speciem,
328 2289 390 2329 non
404 2280 503 2327 autem
516 2268 548 2325 in
562 2268 730 2328 individuo.

39 2352 71 2409 [Ι.
92 2351 241 2410 Probatur
251 2350 333 2427 prior
343 2369 428 2428 pars:
445 2349 515 2426 quia
526 2360 609 2407 actus
620 2350 746 2427 primam
757 2351 931 2413 moralitatis

39 2431 116 2490 ciem
139 2430 269 2489 desumit
290 2432 328 2489 ab
352 2429 487 2508 objecto:
517 2429 627 2486 dantur
648 2441 747 2489 autem
766 2444 858 2501 actus,
880 2435 933 2511 qui

39 2522 99 2570 nent
113 2511 263 2589 objectum
278 2509 316 2568 de
330 2529 360 2568 se
378 2529 434 2568 nec
455 2509 609 2567 conforme
623 2529 679 2568 nec
693 2510 829 2569 difforme
842 2525 932 2572 rectae
976 2584 978 2588 y

39 2591 103 2663 ioni,
118 2591 171 2649 sed
185 2589 365 2659 indifferens,
388 2610 415 2647 v.
430 2611 461 2668 g.
483 2587 647 2659 ambulare,
662 2589 761 2648 levare
776 2590 930 2664 festucam,

39 2692 130 2751 ‚ergo
144 2670 253 2728 dantur
266 2679 349 2729 actus
363 2669 523 2728 secundum
538 2668 665 2746 speciem
680 2669 888 2731 indifferentes.

39 2751 89 2810 [ΙΙ.
112 2752 258 2810 Probatur
272 2749 364 2810 altera
375 2769 462 2826 pars:
478 2750 573 2806 omnis
587 2760 669 2807 actus
682 2751 715 2807 in
728 2750 885 2810 individuo
899 2754 932 2814 fit

39 2841 108 2911 pter
115 2831 247 2908 aliquem
260 2830 348 2888 finem
358 2829 445 2908 juxta
458 2831 547 2888 Num.
558 2836 585 2888 3.
597 2829 646 2887 vel
656 2850 728 2909 ergo
738 2831 805 2890 finis
816 2833 931 2900 ille‘erit

39 2926 76 2972 tae
87 2911 196 2970 rationi
210 2911 369 2970 conformis
383 2930 435 2968 scu
444 2910 551 2979 bonus,
567 2917 596 2967 at
609 2921 682 2968 tunc
695 2923 788 2982 actus,
810 2913 867 2971 nisi
878 2914 932 2972 ali·
977 2916 981 2923 “

39 2993 69 3052 de
78 2991 209 3061 vitietur,
216 2991 274 3050 erit
281 2990 481 3050 etiambonus:
494 2989 542 3046 vel
553 2989 619 3048 finis
629 2991 686 3049 erit
694 2991 798 3063 malus,
809 3003 840 3052 et
850 3005 933 3053 actus

39 3083 48 3131 t
59 3071 193 3131 similiter
206 3070 316 3129 malus:
330 3070 379 3128 vel
392 3070 511 3128 tandem
525 3069 592 3127 finis
607 3069 664 3129 erit
675 3071 856 3143 indifferens,
881 3075 934 3132 sed

39 3152 57 3212 ia
62 3153 149 3231 juxta
162 3154 191 3210 S.
206 3150 313 3208 Thom.
326 3150 356 3207 in
369 3149 532 3210 secundum
544 3151 612 3208 dist.
622 3159 671 3211 40.
681 3162 734 3210 art.
746 3160 773 3212 5.
785 3153 823 3211 ad
834 3161 862 3213 3.
874 3173 937 3210 non⁴

39 3252 95 3306 πη
111 3251 229 3310 semper
239 3231 319 3289 enim
330 3230 402 3288 dum
415 3229 576 3289 deliberate
588 3231 714 3308 agimus,
729 3243 817 3291 rectae
828 3233 935 3291 rationi

39 3313 180 3372 dormiter
191 3330 280 3389 ogere
289 3311 448 3380 debemus,
458 3309 523 3368 haec
533 3323 631 3370 autem
645 3311 736 3370 dictat
745 3322 842 3369 actum
854 3313 935 3371 ordi-

39 3393 175 3451 idebere
185 3391 216 3449 in
227 3392 315 3450 finem
327 3389 471 3459 debiturn,
483 3392 535 3467 qui
550 3391 573 3449 si
585 3391 651 3449 talis
664 3391 710 3460 sit,
722 3404 804 3451 actus
815 3393 872 3451 erit
880 3393 935 3452 bo-

39 3493 66 3546 s,·
81 3474 106 3532 si
119 3492 212 3541 secus,
227 3471 284 3530 hoc
297 3472 361 3549 ipso
373 3482 456 3530 actus
467 3480 616 3548 repugnat
625 3482 712 3530 rectae
724 3471 841 3542 rationi,
851 3484 881 3531 et
892 3484 936 3533 est

39 3554 99 3614 lus:
116 3553 187 3611 hinc
202 3553 231 3612 S.
247 3551 424 3611 Thomart.
435 3560 465 3620 9.
482 3571 571 3628 supra
582 3551 670 3611 citato
680 3551 718 3609 ad
733 3561 762 3612 3.
798 3554 936 3612 “Omnis

39 3634 90 3693 inis
106 3634 123 3690 ri
137 3633 251 3692 ratione
265 3631 458 3691 deliberativa
471 3631 603 3690 intentus
616 3631 745 3710 pertinet
765 3631 805 3690 ad
823 3635 941 3694 bonum

39 3713 149 3790 licujus
164 3713 288 3782 virtutis,
313 3713 360 3770 vel
373 3713 412 3772 ad
429 3711 540 3772 malum
556 3712 687 3795 alicujus
700 3713 796 3776 uitri,u

39 3794 117 3849 ”raet
132 3791 169 3847 de
180 3789 272 3850 Aela'b.
289 3790 423 3854 Ηιιηιαιι.
476 3816 498 3856 x
