2160 4072
386 112 432 155 na
455 111 615 155 aaaron.
909 93 970 157 121

67 260 125 318 1v.
138 258 175 316 lt
188 258 290 332 Quium
303 257 456 335 plurimas,
468 277 542 337 quas
553 257 674 336 Sylvius
687 257 726 315 ad
737 267 865 336 quatuor
874 259 972 336 capita

53 339 156 398 >ducit
844 372 848 381 ·

71 419 111 481 1⁰.
146 419 259 497 Angeli
283 419 428 478 orationes
441 428 566 487 nostras,
586 419 664 476 bona
678 438 768 496 opera
782 430 812 476 et
825 418 972 478 desideria

53 507 97 559 leo
109 500 248 569 offerunt,
277 518 312 558 ac
332 506 385 558 sut
402 499 612 558 intercessione
632 499 850 557 commendant
893 499 971 558 Vide

53 580 106 638 fob.
120 601 185 659 cap.
204 587 250 639 ιε.
265 599 293 637 ν.
310 587 356 639 ra.

69 660 159 720 V.2⁰.
171 663 286 719 Arcent
299 674 329 718 et
343 659 483 719 cohibent
497 658 656 729 demones,
680 679 719 718 ne
732 671 859 718 noceant
875 662 970 720 homi-

53 739 128 811 ibus,
144 741 193 799 vel
207 760 267 798 non
281 739 399 799 tantirm
419 751 554 808 noceant,
569 739 714 816 quantum
729 740 850 810 vellent,
864 754 925 801 tam
939 736 970 800 in

53 820 241 955 piritualibus,
257 823 347 897 quim
361 820 392 877 in
405 820 636 896 temporalibus:
658 834 718 896 quo
731 820 820 878 modo
834 823 970 901 Angelus

62 901 161 978 aphael
175 900 373 980 apprehendit
383 900 573 971 daemonium,
589 910 620 959 et
632 899 777 977 relegavit
790 901 867 959 illud
878 904 909 961 in
918 904 970 962 de·

53 993 108 1039 erto
118 982 279 1058 superioris
293 982 427 1059 AEgypti.
443 981 520 1039 Tob.
536 1000 600 1059 cap.
614 988 645 1041 ’8.
655 1002 683 1036 v.
699 989 727 1038 3.

72 1060 124 1121 v1.
146 1062 189 1121 3⁰.
215 1062 361 1120 Homines
374 1062 392 1119 i
405 1062 535 1138 peccatis
558 1070 699 1120 revocant
721 1071 750 1120 et
770 1062 808 1119 ad
829 1063 970 1123 virtutem

53 1140 192 1212 dducunt,
221 1143 398 1201 tentationes
422 1151 453 1199 et
475 1160 583 1219 pravas
597 1141 790 1219 cogitationes
804 1144 970 1222 depellunt,

53 1239 107 1279 una
119 1234 294 1300 suggerunt,
306 1225 321 1280 i
334 1233 523 1300 peccatorum
537 1222 741 1280 occasionibus
755 1236 903 1294 avertunt,
918 1225 971 1283 ob-

53 1312 106 1359 ecta
119 1303 197 1361 mala
210 1312 364 1362 removent
372 1302 419 1360 vel
433 1301 611 1379 impediunt,
622 1321 662 1361 ne
675 1303 705 1358 in
715 1303 817 1362 oculos
838 1304 886 1362 vel
905 1325 971 1363 aen-

53 1394 201 1460 nsagant;
216 1383 441 1461 imaginationes
456 1394 485 1440 et
502 1381 652 1459 passiones
663 1382 776 1451 sedant,
791 1385 840 1461 pia
854 1387 971 1464 objecta

53 1474 211 1539 proponunt,
225 1474 371 1522 renovant
383 1463 555 1520 memoriam
569 1461 687 1540 piorum
700 1465 931 1540 propositorum,
942 1477 971 1523 et

53 1558 142 1614 torum,
158 1563 224 1621 quae
234 1544 394 1621 aliquando
408 1542 578 1601 audivimus
591 1543 639 1600 vel
653 1542 791 1620 legimus,
805 1545 972 1604 occasiones

53 1620 142 1680 bonum
156 1624 264 1702 agendi
275 1624 508 1692 subministrant,
522 1623 659 1682 inmorte
671 1625 862 1695 auxiliantur,
877 1627 930 1684 dac.

79 1702 328 1783 V11.4⁰.Angeli
353 1724 471 1781 quoque
496 1703 670 1782 temporalia
694 1705 771 1764 mala
785 1717 935 1776 avertunt,
956 1710 971 1764 ὲ

53 1778 194 1843 btronibus
222 1796 252 1842 et
279 1785 413 1843 hostibus
427 1783 609 1852 custodiunt,
632 1784 704 1842 item
725 1787 763 1843 ab
776 1786 857 1864 igne,
882 1790 970 1864 aqui,

53 1864 150 1934 ¹uorbis,
166 1876 221 1924 etc.
236 1876 397 1944 propterea
411 1864 484 1923 dicit
497 1865 593 1924 Jacob
611 1866 719 1922 Genes.
735 1886 799 1944 cap.
814 1874 862 1926 48.
878 1887 906 1924 v.
924 1868 970 1928 16.

53 1945 200 2023 'Angelus
220 1947 273 2023 qui
292 1945 370 2004 eruit
389 1965 437 2003 me
458 1944 496 2002 de
511 1954 625 2003 cunctis
639 1944 750 2002 malis''
791 1946 869 2004 Vide
883 1946 971 2004 etiam

53 2018 181 2102 lob.cap.
198 2034 244 2085 12.
261 2047 289 2085 v,
308 2032 336 2084 3.
759 2058 761 2062 ’

81 2104 211 2164 Similiter
239 2106 361 2184 Angelo
387 2106 505 2166 custodi
530 2105 698 2164 adscribere
722 2116 849 2184 oportet,
891 2108 969 2184 quod

53 2186 117 2265 pueri
127 2187 232 2265 sapius
245 2207 306 2244 nou
317 2188 555 2265 submergantur,
571 2186 651 2263 qubd
660 2185 795 2245 homines
808 2187 972 2248 infortunia

53 2266 166 2343 eruant,
181 2267 307 2345 collegia
319 2287 373 2345 per
387 2267 525 2324 incendia
539 2286 599 2324 non
614 2266 816 2338 devastentur,
830 2280 886 2327 etc.

53 2366 56 2401 t
83 2344 160 2407 Vlll.
174 2348 302 2406 Moralia
315 2347 519 2406 indededucet
532 2349 644 2416 Pastor,
654 2357 686 2405 et
698 2347 905 2407 adhortabitur
917 2369 971 2426 po-

83 2423 145 2497 lum,
159 2437 195 2488 ut
208 2428 343 2506 quotidie
353 2438 444 2506 agant
453 2428 562 2505 gratias
571 2427 690 2504 Angelo
704 2428 830 2499 custodi,
841 2448 970 2507 eumque

96 2526 145 2585 per
156 2509 213 2568 sini
223 2519 399 2588 praesentem
407 2508 600 2566 recordentur
610 2531 619 2579 3
631 2518 665 2565 ut
678 2527 800 2584 peccare
811 2520 971 2567 vereantur

53 2576 64 2675 5⁰
84 2588 186 2667 Angeli
201 2588 367 2668 prasentia,
382 2588 474 2666 quod,
502 2588 623 2645 homine
634 2598 790 2663 prasente,
804 2608 864 2646 non
877 2588 968 2648 aude·

53 2676 105 2739 nat
145 2669 302 2749 Angelum
314 2670 424 2746 pariter
445 2669 478 2726 in
490 2667 704 2728 tentationibus
718 2678 749 2726 et
767 2668 908 2746 periculis
923 2671 968 2729 in-

53 2728 143 2825 issent,
158 2753 191 2808 in
205 2750 305 2814 dubiis
319 2748 483 2819 consulant,
498 2759 555 2810 etc.

92 2911 128 2969 N.
139 2919 191 2980 87,
214 2912 272 2970 DE
296 2909 637 2970 lMPUGNATIONE
660 2911 905 2973 DAEMONUM.

330 3070 361 3129 S.
380 3071 477 3132 Tiona
488 3079 584 3151 quaest.
601 3079 668 3133 114.

53 3221 60 3280 ἰ
79 3231 197 3292 Doemoa
211 3239 300 3290 tentat
322 3233 451 3292 homines.
493 3233 536 3291 ll.
563 3233 611 3292 Ea
621 3234 682 3308 fine
695 3252 740 3292 eoa
764 3231 911 3290 inducendi
938 3234 969 3289 in

65 3321 219 3452 iffiatuss
264 3310 326 3370 III.
348 3312 414 3372 Non
433 3312 525 3371 omnia
538 3321 653 3391 peccata
667 3321 732 3371 mat
745 3331 763 3370 u
777 3310 895 3380 diabolo,
915 3311 971 3368 nisi

69 3414 78 3450 r
128 3412 175 3451 rec
205 3433 212 3448 .
662 3436 664 3441 ,

67 3558 125 3615 ΑΝ
146 3550 285 3612 homines
299 3553 514 3631 impugnantur
528 3563 558 3612 et
567 3553 746 3612 tentanturi
761 3549 968 3609 daemonibus?

70 3636 90 3693 1.
105 3639 140 3695 R.
155 3632 344 3692 Affirmative
357 3657 365 3694 :
379 3635 523 3711 probatur
534 3654 571 3692 ex
581 3655 646 3712 cap.
662 3632 691 3693 6.
702 3631 742 3690 ad
752 3630 862 3710 Ephes.
873 3651 903 3688 v.
922 3639 968 3689 12.

65 3717 129 3775 Non
136 3727 182 3774 est
193 3716 279 3772 nobis
288 3712 456 3773 colluctatio
465 3713 610 3776 adversus
619 3735 743 3776 carnem
750 3723 783 3776 et
790 3714 996 3794 sangumem,

56 3797 108 3849 sed
118 3793 259 3850 adverada
285 3788 442 3872 Principes
464 3807 495 3856 et
509 3809 695 3877 potestates,
718 3797 874 3862 aduersus
886 3789 1004 3855 munds

53 3867 145 3924 Trarl,
159 3869 197 3924 de
213 3869 341 3946 Angelis.
503 3899 530 3942 Μ
