2160 4072
85 110 152 183 ³96
462 124 664 168 ueneratus

124 279 149 337 1.
166 277 206 336 1⁰.
222 274 353 336 Licitum
376 281 431 340 est,
446 288 536 348 agere
549 268 712 329 secundnm
738 262 940 329 conscientiam
953 289 993 329 no
1007 291 1034 333 nu

82 373 159 431 tam;
174 357 233 415 imd
247 376 312 415 earn
326 352 409 433 aequi
419 364 567 421 terremur,
591 350 617 409 si
625 351 664 409 ait
673 350 856 430 praecipiens
869 361 917 409 aut
926 350 995 429 proli
1008 360 1034 433 nt

83 443 168 500 bens.
1014 439 1034 495 li

123 518 165 578 2⁰.
190 516 280 593 Sequi
301 515 373 572 licet
386 511 595 570 conscientiam
619 511 838 570 invincibiliter
862 530 1034 594 erroneamp·

84 600 155 679 quia
162 617 245 656 error
257 592 437 654 invincibilia
451 592 597 650 excusati
616 602 762 669 peccato;
787 592 884 669 ipsam
893 591 1000 651 alane·
1021 602 1024 654 “,

87 679 139 758 qui
153 690 300 745 tenemur,
315 675 387 732 dum
401 671 515 749 aliquid
529 672 666 749 precipit
679 683 732 730 aut
745 672 896 749 prohibet

125 758 168 821 3⁰.
191 757 331 815 illicitum
346 764 390 811 eat
399 772 489 829 agere
502 751 662 810 secundum
682 751 898 812 conscientiam
911 750 1002 809 vinuli·
1014 758 1035 817 ’ςι

84 841 153 899 liter
179 854 341 901 erroneam,
369 832 531 891 dictantem
557 831 672 911 aliquid
699 852 766 891 esse
789 832 954 893 faciendum
971 842 1003 891 ut
1033 861 1035 869 ¹

85 914 283 981 omittendum
293 938 303 986 ;
315 912 368 972 aed
376 912 440 991 ipsa
450 912 560 989 deponi
570 912 670 982 debet,
684 924 849 992 antequam
870 910 940 971 illud
958 930 1004 989 agi·
1029 940 1035 976 ρ

85 1011 145 1066 tur,
161 995 243 1075 quod
252 996 317 1072 ipsa
330 993 452 1052 erronee
465 992 752 1053 dictabatillicitum.
1028 1022 1036 1057 ,ί

128 1077 253 1139 Billuart
266 1075 342 1144 vult,
353 1073 431 1152 qubd
445 1085 598 1132 teneamur
608 1092 697 1150 agere
704 1071 873 1147 secundtim
886 1072 1007 1131 corucim·

85 1160 155 1219 tiam
170 1155 350 1215 vincibiliter
371 1172 523 1212 erroneam
545 1153 578 1210 in
600 1154 766 1233 supposito,
795 1152 881 1231 qudd
894 1172 953 1211 eam
968 1170 1009 1211 uu
1028 1163 1030 1172 '

87 1240 282 1319 deponamus.
1023 1244 1036 1298 g

127 1321 178 1377 An
192 1336 319 1396 sequeus
332 1313 541 1373 conscientiam
550 1312 731 1372 vincibiliter
744 1333 912 1382 erroneam,
922 1330 1009 1391 canpe

127 1402 213 1459 ccat?
1025 1390 1032 1409 “’

87 1420 166 1539 Peli.
183 1480 260 1555 Neg.
274 1477 347 1535 dum
366 1473 478 1533 scilicet
485 1473 579 1532 dictat
588 1472 713 1552 aliquid,
728 1472 813 1550 quod
833 1474 932 1553 reipsa
942 1482 979 1531 est
988 1470 1011 1529 li
1033 1504 1037 1561 ἱ

87 1561 178 1620 citum
192 1582 199 1619 :
215 1578 240 1615 v.
253 1578 283 1635 g.
299 1556 323 1613 si
337 1555 515 1614 conscientia
527 1554 578 1613 hic
591 1564 622 1612 et
635 1573 715 1613 nunc
725 1555 823 1613 dictet
838 1553 1012 1611 dandamcrtt

87 1641 301 1715 eleemosynam
326 1637 365 1694 ob
386 1635 514 1710 aliquam
528 1634 742 1704 necessitatem,
772 1655 844 1710 quae
864 1636 1034 1691 reverinm‘

88 1719 239 1789 subsistit;
260 1714 313 1774 tali
336 1734 405 1773 casu
426 1733 487 1771 nou
500 1714 637 1792 peccabit
658 1714 814 1793 sequendo
829 1714 1037 1781 conscientian,

87 1817 249 1866 erroneam,
264 1806 294 1854 et
307 1793 523 1871 eleemosynam
545 1793 652 1853 dando.

89 1964 129 2021 u.
145 1968 213 2021 180.
226 1958 283 2017 nn
300 1954 427 2014 nouo
440 1952 1011 2014 naroununroouscmunau
1032 1906 1038 2020 ff

438 2035 690 2095 ERRONEAM.

91 2160 116 2220 Ι.
134 2157 309 2219 Conscientia
334 2175 448 2214 erroneo
476 2155 630 2230 prudenter
656 2154 830 2231 deponendo.
875 2155 918 2212 ΙΙ.
941 2154 1011 2213 Medii

129 2259 188 2295 corn
216 2234 379 2312 deponendi.
443 2233 504 2291 ΙΙΙ.
536 2232 678 2312 obligatio
708 2232 888 2310 Corycsaurii
916 2242 1013 2312 respectu

125 2315 292 2395 paenitentis.
317 2314 370 2372 IV.
394 2313 470 2370 Dum
485 2313 703 2391 interrogaturd
716 2320 883 2389 poennente.
906 2315 943 2371 V.
960 2313 1013 2372 Do

129 2393 295 2455 conscientia
310 2401 350 2450 est
372 2392 541 2451 vincibiliter
570 2411 694 2451 erroneo.
741 2392 797 2451 vl.
836 2392 918 2453 Dum
943 2393 1034 2463 incia·¹

128 2476 247 2536 ostiliter
268 2492 392 2531 erronea.
1031 2466 1036 2561 1

128 2593 351 2669 QUOMODO
374 2590 553 2649 conscientia
566 2610 688 2650 erronea
699 2592 810 2670 deponi
825 2594 937 2656 debet?

131 2680 155 2734 l.
173 2680 206 2735 R.
220 2678 302 2733 Dum
317 2673 406 2729 homo
419 2671 524 2747 incipit
535 2671 672 2730 dubitare
687 2684 739 2730 aut
755 2676 903 2750 suspicari
919 2674 1014 2734 selabu

89 2779 154 2815 rare
178 2753 356 2814 conscientia
373 2754 505 2816 erronei,
530 2771 589 2809 non
603 2756 723 2822 temeri,
748 2754 800 2810 sed
822 2756 983 2831 prudenter
992 2750 1015 2811 ad

88 2838 169 2895 illam
181 2833 384 2912 deponendam
399 2831 559 2907 procedere
573 2831 679 2891 debet:
710 2833 849 2910 adeoque
875 2836 963 2893 debet
973 2853 1016 2891 mo

90 2917 152 2975 veri
167 2917 265 2992 aliqua
278 2913 362 2989 gravi
387 2913 499 2968 ratione
512 2923 564 2970 aut
588 2911 777 2980 authoritate,
800 2929 927 2992 propter
949 2931 1016 2992 quam

86 3000 211 3077 judicet,
227 3014 286 3051 non
301 3012 363 3049 esse
377 2991 505 3068 practice
516 2989 727 3050 attendendum
739 2993 778 3051 ad
789 2996 913 3067 motiva,
921 3016 958 3053 ex
971 2992 1015 3071 qui·
1037 2978 1040 2995 ¹

89 3082 146 3137 bus
160 3088 246 3135 antea
260 3071 466 3131 conscientiam
481 3091 633 3128 erroneam
644 3072 834 3133 formaverat.

132 3159 173 3217 ll.
190 3154 290 3214 Media
300 3151 462 3228 prudenter
476 3152 681 3209 conscientiam
693 3172 849 3211 erroneam
858 3152 1016 3233 deponendi,

89 3241 189 3298 eadem
202 3248 280 3305 sunt,
296 3233 405 3308 quibus
426 3231 593 3307 ignorantia
607 3233 747 3304 vincitur,
777 3233 892 3293 scilicet
907 3236 1017 3294 studium

88 3321 252 3397 proprium,
276 3332 413 3371 recursus
438 3311 476 3368 ad
491 3313 600 3381 Deum,
628 3312 699 3370 item
714 3315 752 3371 ad
767 3313 849 3372 viros
864 3316 1017 3392 prudentes,

91 3417 257 3476 expurgare
272 3416 302 3452 se
317 3391 480 3469 ipeccatiS,
496 3403 550 3449 etc.
566 3392 721 3469 dequibus
735 3394 803 3451 vide
818 3397 857 3451 N.
868 3395 918 3454 46.

129 3480 211 3552 Quid
238 3474 388 3551 agendum
417 3472 602 3529 Confessario
628 3472 680 3549 qui
704 3475 820 3531 invenit
841 3477 1019 3553 poenitentem

87 3581 172 3618 suum
184 3559 316 3614 laborare
330 3552 508 3610 conscientiis
523 3558 653 3611 erronei.

128 3638 188 3696 lll.
205 3639 240 3694 R.
253 3638 284 3695 Si
307 3633 509 3693 confessarius
529 3633 664 3690 advertat
677 3632 876 3708 poenitentem
905 3656 943 3695 ex
966 3654 1021 3696 cun·

80 3719 205 3779 scientia
216 3737 345 3778 erronea
355 3713 490 3780 credere,
510 3712 648 3789 quasdam
661 3731 725 3766 csse
734 3725 873 3783 peccata„
887 3737 954 3788 ψῃ
966 3736 1022 3792 9⁰⁰·

70 3816 138 3863 cata
155 3824 219 3864 non
232 3814 318 3873 sunt,
335 3807 387 3857 aut
400 3791 545 3854 mortalia
555 3808 625 3867 quae
633 3789 752 3845 tautum
761 3791 1041 3861 auxxtuexixubxamnn
