2160 4072
113 81 175 149 166
482 104 684 150 reseratos

150 249 192 310 2⁰.
214 249 276 310 Ubi
296 262 341 309 est
363 250 499 308 voluntas
523 260 557 308 ut
581 250 719 309 voluntas
743 248 919 317 formaliter,
949 246 1030 306 ibiast
1056 299 1074 307 -

110 330 242 400 libertas,
263 349 345 404 conc,
360 342 457 390 antec.
477 331 531 389 ubi
549 343 594 388 est
608 330 746 389 voluutas
768 340 801 389 ut
820 339 947 398 natum
971 348 1031 405 nego
1056 389 1065 399 ,

116 421 209 470 antec.

153 491 194 548 11.
218 492 275 550 Pro
288 511 349 568 quo
360 491 535 559 notandum,
560 491 640 568 quod
657 491 759 567 phrasi
783 489 814 548 S.
830 491 889 551 Tts
913 486 1031 549 voluntas

113 581 147 629 ut
170 571 306 630 voluntas
328 571 492 631 formaliter
513 572 562 640 sit,
585 572 657 630 dum
672 571 737 648 agit
759 590 829 629 cum
853 568 1030 629 inuitasset

108 650 234 728 judicii:
247 651 384 710 voluntas
397 656 466 711 vero
480 662 516 710 ut
528 663 634 711 natura
647 663 701 720 est,
719 651 791 709 dum
802 653 867 728 agit
879 648 1033 709 naturaliter

112 730 306 790 determinata
319 731 357 788 ad
371 752 475 801 unum,
497 733 559 790 sive
573 753 610 791 ex
624 731 752 791 naturali
765 733 949 790 necessitate·
1038 754 1042 779 τ

151 811 296 885 Quaenam
309 813 467 870 necessitas
480 832 541 870 non
555 812 688 871 excludit
701 811 869 871 libertatem
882 809 1033 870 indifferen
1067 886 1074 893 .

115 891 186 951 tias?

154 971 214 1030 111.
238 974 272 1031 R.
289 973 456 1032 Necessitas
469 993 530 1031 non
543 973 687 1042 absoluta,
702 972 797 1050 qualis
810 983 867 1043 est,
888 992 957 1050 quae
967 989 1035 1029 roca·
1069 1026 1074 1030 .

112 1063 162 1109 tur
175 1051 333 1112 necessitas
357 1073 550 1131 consequens,
576 1054 735 1112 necessitas
758 1052 977 1131 consequentias
997 1069 1037 1108 seu
1072 1068 1074 1077 ·

114 1131 265 1203 illationis,
289 1133 336 1191 vel
363 1135 520 1193 necessitas
544 1133 736 1211 hypothetica
756 1138 808 1192 s'eu
824 1130 1037 1212 suppositionis:

116 1213 188 1288 quia
200 1232 302 1271 omnes
315 1215 435 1272 termini
449 1215 499 1273 hic
512 1214 700 1290 aequivalent.

156 1293 297 1351 Similiter
312 1295 386 1352 ratio
399 1294 543 1372 simplicis
556 1294 777 1354 infallibilitatis
790 1314 850 1353 non
862 1302 952 1351 nocet
964 1292 1039 1350 liher-

115 1372 178 1440 tati‚
195 1373 273 1434 sicut
285 1393 340 1431 nec
356 1377 512 1433 necessitas
525 1393 580 1433 nec
593 1376 705 1433 coactio
718 1375 793 1452 legis
803 1387 856 1432 aut
869 1371 1014 1452 precepti

139 1502 148 1529 ,
159 1454 245 1512 Ratio
260 1453 368 1512 horum
382 1467 436 1525 est,
458 1454 538 1533 quod
550 1456 713 1513 necessitas
724 1474 787 1513 non
801 1454 939 1513 absoluta
951 1454 989 1511 sit
1000 1470 1040 1510 ex·

116 1534 243 1593 trinseca
254 1530 396 1605 libertati,
416 1555 472 1594 nec
493 1535 599 1593 afficiat
612 1536 782 1594 interiorem
807 1535 933 1593 modum
945 1528 1041 1611 agenti

116 1614 224 1673 libere:
241 1613 321 1673 unde
334 1615 395 1684 illa,
420 1617 600 1693 quibuscum
624 1616 691 1674 talis
712 1615 871 1674 necessitas
891 1611 1040 1679 concurrit,
1058 1632 1074 1695 ς

116 1694 257 1755 dicuntur
270 1697 365 1771 potius
379 1697 480 1754 futura
494 1698 573 1755 certo
588 1708 619 1754 et
632 1695 836 1765 infallibiliter,
849 1698 941 1772 quim
955 1712 1042 1752 necet·
1067 1710 1074 1719 ·

117 1773 202 1832 sarii).
228 1774 400 1852 ¹Ejusmodi
425 1779 583 1835 necessitas
610 1777 805 1834 concomitata
832 1786 877 1833 est
900 1778 1044 1852 peccatum

120 1855 200 1912 Petri
221 1866 291 1932 post
314 1857 536 1932 praedictionem
563 1857 683 1920 Christi,
720 1865 737 1891 ‘⁸
752 1858 812 1913 'l'er
836 1876 884 1914 me
907 1853 1044 1932 negabis.’'
1071 1880 1074 1885 ·

117 1935 264 1993 Damnata
273 1947 317 1993 est
331 1935 361 1991 in
375 1935 433 1994 hac
447 1937 569 1995 materit
585 1941 599 1995 i
615 1938 698 1995 Sixto
713 1937 766 1994 IV.
790 1936 855 1996 haec
873 1933 1043 2014 propositio:

118 2013 177 2074 lll.
201 2025 221 2051 “
237 2014 327 2089 Quod
343 2018 477 2093 sequitur
491 2037 528 2076 ex
542 2016 750 2095 inimpedibili,
765 2015 864 2095 ipsum
878 2035 997 2094 quoque
1009 2022 1045 2071 ert

117 2102 137 2127 “
154 2095 386 2174 inimpedibile.''

157 2177 204 2232 Ex
218 2176 305 2235 dictis
320 2176 478 2254 colligitur,
503 2178 652 2253 quomodo
665 2177 786 2236 libertas
800 2175 975 2235 concilietur
990 2193 1045 2232 cum

116 2255 300 2331 praescientit
315 2257 381 2324 Dei,
397 2277 465 2315 cum
476 2258 733 2335 predestinatione
741 2259 872 2335 gratuita
883 2268 914 2315 et
924 2253 1005 2332 praed
1021 2252 1047 2310 ti·

116 2335 237 2405 nitione,
252 2357 318 2394 cum
334 2356 479 2395 concursu
496 2339 551 2396 Dei
564 2340 675 2414 praevio
689 2340 727 2397 ad
742 2357 857 2396 omnem
870 2336 998 2394 hominis
1008 2352 1046 2391 ao-

115 2427 191 2484 tum,
207 2436 273 2474 cum
288 2418 461 2476 necessitate
473 2419 587 2496 gratia,
602 2421 671 2477 item
684 2439 751 2478 cum
761 2417 857 2495 gratiis
869 2438 924 2494 per
938 2436 969 2474 se
982 2427 1010 2473 et
1017 2414 1048 2471 ab

118 2496 278 2555 intrinseco
291 2497 399 2556 efficaci
409 2518 460 2557 seu
474 2500 763 2576 praedeterminante,
779 2519 846 2558 cum
859 2497 976 2576 judicio
989 2493 1048 2552 ulti·

118 2579 164 2634 mo
178 2577 311 2655 practico
322 2590 351 2637 et
362 2597 432 2637 cum
445 2579 690 2656 impeccabilitate
704 2580 815 2638 Christi
830 2590 860 2637 et
873 2580 1048 2636 Sanctorum.

155 2737 192 2794 u.
208 2746 256 2802 so.
298 2740 358 2796 ΑΝ
382 2741 463 2798 esa
486 2741 714 2799 saccaron
738 2699 933 2797 inissun
957 2734 1022 2794 s1r

356 2819 827 2896 LIBERUMARBITRIUM.

121 2939 145 2994 1.
178 2936 272 2995 Error
295 2937 494 2995 haereticorum.
544 2940 586 2996 11.
622 2938 668 2996 De
683 2939 749 3015 fide
776 2946 817 2996 est
842 2936 976 2996 hominem
1002 2950 1052 2991 estc

198 3014 279 3074 liberi
291 3016 414 3075 arbitrii.
455 3017 513 3075 ΙΙΙ.
540 3016 680 3076 Prohulur
703 3039 736 3074 ea
751 3018 856 3096 Script.
881 3015 982 3073 Sacra.

163 3136 185 3194 l.
210 3135 448 3206 MANlCHAEl,
478 3138 658 3205 Wiclefistae,
691 3139 842 3196 Luthcrus
866 3146 897 3194 et
919 3133 1054 3194 Calvinus

120 3218 261 3276 dixerunt
269 3216 396 3275 liberum
407 3219 561 3277 arbitrium
574 3219 605 3285 in
616 3217 733 3276 homine
747 3229 815 3295 post
825 3218 943 3294 lapsum
954 3208 1055 3273 auaui

120 3318 183 3356 esse
197 3298 371 3364 extinctum,
392 3317 426 3355 ac
449 3299 547 3356 omnia
571 3297 634 3354 fieri
657 3299 830 3368 necessarii),
852 3295 1055 3373 quamvisnon

44 3381 52 3396 '
125 3382 236 3442 coacte.
914 3426 920 3436 .

166 3459 208 3517 11.
230 3459 288 3518 Sed
305 3458 343 3515 de
357 3457 416 3515 fide
429 3469 483 3526 est,
503 3457 653 3517 homiuem
668 3457 754 3518 etiam
769 3470 837 3536 post
850 3457 976 3534 lapsum,
1000 3468 1055 3511 esse

123 3539 209 3596 liberi
223 3538 341 3597 abitrii:
365 3539 405 3597 ita
419 3537 555 3598 definivit
569 3540 659 3597 Conc.
677 3538 812 3597 Triclent.
829 3558 898 3595 sess.
913 3534 942 3594 6.
956 3552 1016 3593 can.
1031 3537 1054 3588 5.

124 3620 172 3676 his
185 3621 300 3679 verbis:
330 3620 394 3677 “Si
418 3621 485 3697 quis
509 3621 635 3678 liberum
660 3618 793 3677 hominis
814 3616 971 3677 arbitrium
992 3619 1052 3692 poti

119 3698 199 3760 ads
232 3709 389 3778 peccatum
414 3701 554 3760 amissum
585 3711 616 3759 ct
646 3700 808 3759 extinctum
832 3719 895 3759 esse
915 3694 1074 3821 dixerit..·p

61 3802 72 3854 ι
110 3781 315 3843 “anathema
329 3781 398 3842 sit.”
567 3830 569 3835 .
