<?xml version="1.0" encoding="UTF-8"?>
<!DOCTYPE html PUBLIC "-//W3C//DTD XHTML 1.0 Transitional//EN"
    "http://www.w3.org/TR/xhtml1/DTD/xhtml1-transitional.dtd">
<html xmlns="http://www.w3.org/1999/xhtml" xml:lang="en" lang="en">
 <head>
  <title>
</title>
<meta http-equiv="Content-Type" content="text/html;charset=utf-8" />
  <meta name='ocr-system' content='tesseract 3.04.00' />
  <meta name='ocr-capabilities' content='ocr_page ocr_carea ocr_par ocr_line ocrx_word'/>
</head>
<body>
  <div class='ocr_page' id='page_1' title='image "./theologiamorali00densgoog_0208.png"; bbox 0 0 2160 4072; ppageno 0'>
   <div class='ocr_carea' id='block_1_1' title="bbox 301 95 977 167">
    <p class='ocr_par' dir='ltr' id='par_1_1' title="bbox 301 95 977 167">
     <span class='ocr_line' id='line_1_1' title="bbox 301 95 977 167; baseline -0.003 -8"><span class='ocrx_word' id='word_1_1' title='bbox 301 110 348 159; x_wconf 81' lang='lat' dir='ltr'><strong>na</strong></span> <span class='ocrx_word' id='word_1_2' title='bbox 366 112 508 159; x_wconf 74' lang='lat' dir='ltr'><strong>acrinus</strong></span> <span class='ocrx_word' id='word_1_3' title='bbox 526 113 692 158; x_wconf 74' lang='lat' dir='ltr'><strong>nouauit.</strong></span> <span class='ocrx_word' id='word_1_4' title='bbox 911 95 977 167; x_wconf 67' lang='lat'><strong>293</strong></span> 
     </span>
    </p>
   </div>
   <div class='ocr_carea' id='block_1_2' title="bbox 53 256 976 578">
    <p class='ocr_par' dir='ltr' id='par_1_2' title="bbox 53 256 976 578">
     <span class='ocr_line' id='line_1_2' title="bbox 53 256 976 336; baseline -0.001 -17"><span class='ocrx_word' id='word_1_5' title='bbox 53 256 200 332; x_wconf 57' lang='lat' dir='ltr'><strong>prom&amp;</strong></span> <span class='ocrx_word' id='word_1_6' title='bbox 221 266 304 318; x_wconf 77' lang='lat' dir='ltr'><strong>earet</strong></span> <span class='ocrx_word' id='word_1_7' title='bbox 328 257 472 319; x_wconf 61' lang='lat' dir='ltr'><strong>mmo„</strong></span> <span class='ocrx_word' id='word_1_8' title='bbox 525 259 601 336; x_wconf 82' lang='lat' dir='ltr'><strong>Haeo</strong></span> <span class='ocrx_word' id='word_1_9' title='bbox 627 256 794 336; x_wconf 76' lang='lat' dir='ltr'><strong>ignorantia</strong></span> <span class='ocrx_word' id='word_1_10' title='bbox 822 274 976 336; x_wconf 88' lang='lat' dir='ltr'><strong>nunquam</strong></span> 
     </span>
     <span class='ocr_line' id='line_1_3' title="bbox 53 335 641 416; baseline 0 -20"><span class='ocrx_word' id='word_1_11' title='bbox 53 347 132 396; x_wconf 79' lang='lat' dir='ltr'><strong>aurat</strong></span> <span class='ocrx_word' id='word_1_12' title='bbox 141 335 374 397; x_wconf 84' lang='lat' dir='ltr'><strong>involuntarium</strong></span> <span class='ocrx_word' id='word_1_13' title='bbox 381 337 542 398; x_wconf 78' lang='lat' dir='ltr'><strong>aecnndim</strong></span> <span class='ocrx_word' id='word_1_14' title='bbox 556 337 641 416; x_wconf 80' lang='lat' dir='ltr'><strong>quid.</strong></span> 
     </span>
     <span class='ocr_line' id='line_1_4' title="bbox 68 414 975 496; baseline -0.004 -21"><span class='ocrx_word' id='word_1_15' title='bbox 68 416 244 493; x_wconf 68' lang='lat' dir='ltr'><strong>Ignorantia</strong></span> <span class='ocrx_word' id='word_1_16' title='bbox 254 435 439 496; x_wconf 79' lang='lat' dir='ltr'><strong>eonaaqnens</strong></span> <span class='ocrx_word' id='word_1_17' title='bbox 460 419 559 496; x_wconf 82' lang='lat' dir='ltr'><strong>operis</strong></span> <span class='ocrx_word' id='word_1_18' title='bbox 581 417 625 477; x_wconf 92' lang='lat' dir='ltr'><strong>nil</strong></span> <span class='ocrx_word' id='word_1_19' title='bbox 646 416 718 477; x_wconf 80' lang='lat' dir='ltr'><strong>iacit</strong></span> <span class='ocrx_word' id='word_1_20' title='bbox 738 416 817 476; x_wconf 88' lang='lat' dir='ltr'><strong>circa</strong></span> <span class='ocrx_word' id='word_1_21' title='bbox 837 414 975 478; x_wconf 82' lang='lat' dir='ltr'><strong>volunta.</strong></span> 
     </span>
     <span class='ocr_line' id='line_1_5' title="bbox 53 495 625 578; baseline 0.003 -24"><span class='ocrx_word' id='word_1_22' title='bbox 53 495 107 557; x_wconf 83' lang='lat' dir='ltr'><strong>inm</strong></span> <span class='ocrx_word' id='word_1_23' title='bbox 116 496 151 557; x_wconf 88' lang='lat' dir='ltr'><strong>in</strong></span> <span class='ocrx_word' id='word_1_24' title='bbox 163 517 265 578; x_wconf 60' lang='lat' dir='ltr'><strong>were,</strong></span> <span class='ocrx_word' id='word_1_25' title='bbox 277 498 345 559; x_wconf 73' lang='lat' dir='ltr'><strong>elam</strong></span> <span class='ocrx_word' id='word_1_26' title='bbox 357 498 459 560; x_wconf 80' lang='lat' dir='ltr'><strong>altillo</strong></span> <span class='ocrx_word' id='word_1_27' title='bbox 472 499 625 578; x_wconf 77' lang='lat' dir='ltr'><strong>posterior.</strong></span> 
     </span>
    </p>
   </div>
   <div class='ocr_carea' id='block_1_3' title="bbox 91 636 912 719">
    <p class='ocr_par' dir='ltr' id='par_1_3' title="bbox 91 636 912 719">
     <span class='ocr_line' id='line_1_6' title="bbox 91 636 912 719; baseline -0.001 -1"><span class='ocrx_word' id='word_1_28' title='bbox 91 660 129 718; x_wconf 79' lang='lat' dir='ltr'><strong>n.</strong></span> <span class='ocrx_word' id='word_1_29' title='bbox 151 636 201 719; x_wconf 69' lang='lat' dir='ltr'><strong>li.</strong></span> <span class='ocrx_word' id='word_1_30' title='bbox 252 638 613 719; x_wconf 72' lang='lat' dir='ltr'><strong>antonomum</strong></span> <span class='ocrx_word' id='word_1_31' title='bbox 637 654 912 718; x_wconf 80' lang='lat' dir='ltr'><strong>1Nvlnc1131L1.</strong></span> 
     </span>
    </p>
   </div>
   <div class='ocr_carea' id='block_1_4' title="bbox 55 756 973 897">
    <p class='ocr_par' dir='ltr' id='par_1_4' title="bbox 55 756 973 897">
     <span class='ocr_line' id='line_1_7' title="bbox 55 756 973 838; baseline 0.004 -26"><span class='ocrx_word' id='word_1_32' title='bbox 55 799 61 812; x_wconf 91' lang='lat'>.</span> <span class='ocrx_word' id='word_1_33' title='bbox 86 757 258 834; x_wconf 67' lang='lat' dir='ltr'><strong>Ignorantia</strong></span> <span class='ocrx_word' id='word_1_34' title='bbox 281 756 453 818; x_wconf 57' lang='lat' dir='ltr'><strong>hoinowa</strong></span> <span class='ocrx_word' id='word_1_35' title='bbox 471 762 617 818; x_wconf 73' lang='lat' dir='ltr'><strong>ramenta</strong></span> <span class='ocrx_word' id='word_1_36' title='bbox 634 767 756 837; x_wconf 70' lang='lat' dir='ltr'><strong>pomata.</strong></span> <span class='ocrx_word' id='word_1_37' title='bbox 800 758 841 816; x_wconf 92' lang='lat' dir='ltr'><strong>ll.</strong></span> <span class='ocrx_word' id='word_1_38' title='bbox 864 757 973 838; x_wconf 83' lang='lat' dir='ltr'><strong>Propo.</strong></span> 
     </span>
     <span class='ocr_line' id='line_1_8' title="bbox 381 837 600 897; baseline -0.005 0"><span class='ocrx_word' id='word_1_39' title='bbox 381 837 600 897; x_wconf 62' lang='lat' dir='ltr'><strong>eitmdamaata.</strong></span> 
     </span>
    </p>
   </div>
   <div class='ocr_carea' id='block_1_5' title="bbox 53 962 1050 3677">
    <p class='ocr_par' dir='ltr' id='par_1_5' title="bbox 53 962 817 1047">
     <span class='ocr_line' id='line_1_9' title="bbox 53 962 817 1047; baseline -0.001 -18"><span class='ocrx_word' id='word_1_40' title='bbox 53 1022 56 1039; x_wconf 90' lang='grc'>,</span> <span class='ocrx_word' id='word_1_41' title='bbox 71 969 127 1029; x_wconf 73' lang='grc' dir='ltr'><strong>ΑΝ</strong></span> <span class='ocrx_word' id='word_1_42' title='bbox 138 967 307 1046; x_wconf 76' lang='lat' dir='ltr'><strong>ignorantia</strong></span> <span class='ocrx_word' id='word_1_43' title='bbox 316 962 498 1028; x_wconf 82' lang='lat' dir='ltr'><strong>invincibilis¹</strong></span> <span class='ocrx_word' id='word_1_44' title='bbox 512 978 634 1028; x_wconf 83' lang='lat' dir='ltr'><strong>excusat</strong></span> <span class='ocrx_word' id='word_1_45' title='bbox 648 968 664 1026; x_wconf 78' lang='grc' dir='ltr'>ὲ</span> <span class='ocrx_word' id='word_1_46' title='bbox 677 971 817 1047; x_wconf 80' lang='lat' dir='ltr'><strong>peccato?</strong></span> 
     </span>
    </p>

    <p class='ocr_par' dir='ltr' id='par_1_6' title="bbox 75 1046 972 1128">
     <span class='ocr_line' id='line_1_10' title="bbox 75 1046 972 1128; baseline 0.003 -21"><span class='ocrx_word' id='word_1_47' title='bbox 75 1046 97 1107; x_wconf 84' lang='lat'><strong>1.</strong></span> <span class='ocrx_word' id='word_1_48' title='bbox 110 1049 146 1107; x_wconf 80' lang='lat' dir='ltr'><strong>tt</strong></span> <span class='ocrx_word' id='word_1_49' title='bbox 161 1047 336 1127; x_wconf 79' lang='lat' dir='ltr'><strong>ignorantia</strong></span> <span class='ocrx_word' id='word_1_50' title='bbox 348 1046 529 1109; x_wconf 82' lang='lat' dir='ltr'><strong>invincibilis</strong></span> <span class='ocrx_word' id='word_1_51' title='bbox 541 1059 602 1108; x_wconf 88' lang='lat' dir='ltr'><strong>tam</strong></span> <span class='ocrx_word' id='word_1_52' title='bbox 613 1048 692 1128; x_wconf 83' lang='lat' dir='ltr'><strong>juria</strong></span> <span class='ocrx_word' id='word_1_53' title='bbox 706 1049 795 1126; x_wconf 69' lang='lat' dir='ltr'><strong>quim</strong></span> <span class='ocrx_word' id='word_1_54' title='bbox 817 1049 898 1122; x_wconf 84' lang='lat' dir='ltr'><strong>lacti,</strong></span> <span class='ocrx_word' id='word_1_55' title='bbox 921 1070 972 1110; x_wconf 84' lang='lat' dir='ltr'><strong>ex-</strong></span> 
     </span>
    </p>

    <p class='ocr_par' dir='ltr' id='par_1_7' title="bbox 53 1128 972 1609">
     <span class='ocr_line' id='line_1_11' title="bbox 76 1128 972 1224; baseline 0.002 -37"><span class='ocrx_word' id='word_1_56' title='bbox 76 1196 79 1201; x_wconf 47' lang='grc'>,</span> <span class='ocrx_word' id='word_1_57' title='bbox 125 1128 291 1210; x_wconf 71' lang='lat' dir='ltr'><strong>ipeocatu,</strong></span> <span class='ocrx_word' id='word_1_58' title='bbox 304 1139 336 1189; x_wconf 83' lang='lat' dir='ltr'><strong>et</strong></span> <span class='ocrx_word' id='word_1_59' title='bbox 347 1128 443 1224; x_wconf 77' lang='lat' dir='ltr'><strong>ipram</strong></span> <span class='ocrx_word' id='word_1_60' title='bbox 457 1128 664 1206; x_wconf 79' lang='lat' dir='ltr'><strong>ignorantiam,</strong></span> <span class='ocrx_word' id='word_1_61' title='bbox 679 1140 709 1187; x_wconf 88' lang='lat' dir='ltr'><strong>et</strong></span> <span class='ocrx_word' id='word_1_62' title='bbox 724 1149 799 1207; x_wconf 87' lang='lat' dir='ltr'><strong>opna</strong></span> <span class='ocrx_word' id='word_1_63' title='bbox 810 1149 848 1189; x_wconf 87' lang='lat' dir='ltr'><strong>ex</strong></span> <span class='ocrx_word' id='word_1_64' title='bbox 866 1150 901 1189; x_wconf 89' lang='lat' dir='ltr'><strong>ea</strong></span> <span class='ocrx_word' id='word_1_65' title='bbox 925 1150 972 1208; x_wconf 88' lang='lat' dir='ltr'><strong>ao-</strong></span> 
     </span>
     <span class='ocr_line' id='line_1_12' title="bbox 53 1207 972 1287; baseline 0.001 -18"><span class='ocrx_word' id='word_1_66' title='bbox 53 1207 149 1273; x_wconf 71' lang='lat' dir='ltr'><strong>,taodi</strong></span> <span class='ocrx_word' id='word_1_67' title='bbox 175 1219 322 1278; x_wconf 74' lang='lat' dir='ltr'><strong>secutum,</strong></span> <span class='ocrx_word' id='word_1_68' title='bbox 349 1229 418 1269; x_wconf 80' lang='lat' dir='ltr'><strong>aive.</strong></span> <span class='ocrx_word' id='word_1_69' title='bbox 436 1208 518 1287; x_wconf 88' lang='lat' dir='ltr'><strong>quod</strong></span> <span class='ocrx_word' id='word_1_70' title='bbox 542 1229 602 1268; x_wconf 91' lang='lat' dir='ltr'><strong>non</strong></span> <span class='ocrx_word' id='word_1_71' title='bbox 629 1209 721 1268; x_wconf 83' lang='lat' dir='ltr'><strong>habet</strong></span> <span class='ocrx_word' id='word_1_72' title='bbox 740 1208 831 1268; x_wconf 88' lang='lat' dir='ltr'><strong>alium</strong></span> <span class='ocrx_word' id='word_1_73' title='bbox 854 1230 972 1277; x_wconf 83' lang='lat' dir='ltr'><strong>causam</strong></span> 
     </span>
     <span class='ocr_line' id='line_1_13' title="bbox 53 1286 970 1384; baseline 0.003 -37"><span class='ocrx_word' id='word_1_74' title='bbox 53 1286 246 1361; x_wconf 75' lang='lat' dir='ltr'><strong>laluntariam:</strong></span> <span class='ocrx_word' id='word_1_75' title='bbox 259 1289 335 1349; x_wconf 84' lang='lat' dir='ltr'><strong>ratio</strong></span> <span class='ocrx_word' id='word_1_76' title='bbox 345 1299 401 1361; x_wconf 81' lang='lat' dir='ltr'><strong>eat,</strong></span> <span class='ocrx_word' id='word_1_77' title='bbox 415 1287 496 1384; x_wconf 74' lang='lat' dir='ltr'><strong>quod</strong></span> <span class='ocrx_word' id='word_1_78' title='bbox 505 1288 574 1348; x_wconf 83' lang='lat' dir='ltr'><strong>talia</strong></span> <span class='ocrx_word' id='word_1_79' title='bbox 586 1289 758 1368; x_wconf 86' lang='lat' dir='ltr'><strong>ignorantia</strong></span> <span class='ocrx_word' id='word_1_80' title='bbox 771 1299 873 1349; x_wconf 77' lang='lat' dir='ltr'><strong>causet</strong></span> <span class='ocrx_word' id='word_1_81' title='bbox 884 1291 970 1351; x_wconf 90' lang='lat' dir='ltr'><strong>invo-</strong></span> 
     </span>
     <span class='ocr_line' id='line_1_14' title="bbox 53 1364 970 1449; baseline 0 -21"><span class='ocrx_word' id='word_1_82' title='bbox 53 1364 193 1429; x_wconf 66' lang='lat' dir='ltr'><strong>lntarium</strong></span> <span class='ocrx_word' id='word_1_83' title='bbox 207 1369 400 1448; x_wconf 79' lang='lat' dir='ltr'><strong>simpliciter:</strong></span> <span class='ocrx_word' id='word_1_84' title='bbox 420 1389 430 1426; x_wconf 88' lang='lat' dir='ltr'><strong>r</strong></span> <span class='ocrx_word' id='word_1_85' title='bbox 455 1368 515 1428; x_wconf 83' lang='lat' dir='ltr'><strong>&#39;tur</strong></span> <span class='ocrx_word' id='word_1_86' title='bbox 542 1369 594 1448; x_wconf 90' lang='lat' dir='ltr'><strong>qui</strong></span> <span class='ocrx_word' id='word_1_87' title='bbox 621 1369 684 1428; x_wconf 89' lang='lat' dir='ltr'><strong>edit</strong></span> <span class='ocrx_word' id='word_1_88' title='bbox 707 1389 818 1440; x_wconf 85' lang='lat' dir='ltr'><strong>carnes,</strong></span> <span class='ocrx_word' id='word_1_89' title='bbox 833 1370 970 1449; x_wconf 45' lang='lat' dir='ltr'><strong>&#39;quinin-</strong></span> 
     </span>
     <span class='ocr_line' id='line_1_15' title="bbox 53 1389 970 1529; baseline 0.002 -21"><span class='ocrx_word' id='word_1_90' title='bbox 53 1438 210 1509; x_wconf 72' lang='lat' dir='ltr'><strong>lincibiliter</strong></span> <span class='ocrx_word' id='word_1_91' title='bbox 220 1449 337 1528; x_wconf 90' lang='lat' dir='ltr'><strong>ignorat</strong></span> <span class='ocrx_word' id='word_1_92' title='bbox 344 1470 409 1510; x_wconf 85' lang='lat' dir='ltr'><strong>esse</strong></span> <span class='ocrx_word' id='word_1_93' title='bbox 422 1389 502 1508; x_wconf 52' lang='lat' dir='ltr'><strong>(grem</strong></span> <span class='ocrx_word' id='word_1_94' title='bbox 512 1449 632 1529; x_wconf 87' lang='lat' dir='ltr'><strong>jejunii,</strong></span> <span class='ocrx_word' id='word_1_95' title='bbox 647 1461 805 1509; x_wconf 79' lang='lat' dir='ltr'><strong>excusatur</strong></span> <span class='ocrx_word' id='word_1_96' title='bbox 818 1449 836 1509; x_wconf 78' lang='lat' dir='ltr'><strong>ai</strong></span> <span class='ocrx_word' id='word_1_97' title='bbox 850 1450 970 1510; x_wconf 83' lang='lat' dir='ltr'><strong>formali</strong></span> 
     </span>
     <span class='ocr_line' id='line_1_16' title="bbox 53 1540 471 1609; baseline 0.002 -23"><span class='ocrx_word' id='word_1_98' title='bbox 53 1543 149 1607; x_wconf 77' lang='lat' dir='ltr'><strong>artato</strong></span> <span class='ocrx_word' id='word_1_99' title='bbox 164 1540 268 1590; x_wconf 89' lang='lat' dir='ltr'><strong>contra</strong></span> <span class='ocrx_word' id='word_1_100' title='bbox 279 1540 471 1609; x_wconf 83' lang='lat' dir='ltr'><strong>praeceptum.</strong></span> 
     </span>
    </p>

    <p class='ocr_par' dir='ltr' id='par_1_8' title="bbox 53 1609 972 2409">
     <span class='ocr_line' id='line_1_17' title="bbox 70 1609 967 1690; baseline 0.002 -20"><span class='ocrx_word' id='word_1_101' title='bbox 70 1611 157 1685; x_wconf 80' lang='lat' dir='ltr'><strong>Hanc</strong></span> <span class='ocrx_word' id='word_1_102' title='bbox 172 1610 337 1671; x_wconf 72' lang='lat' dir='ltr'><strong>doctrinam</strong></span> <span class='ocrx_word' id='word_1_103' title='bbox 345 1610 457 1690; x_wconf 81' lang='lat' dir='ltr'><strong>aaepiua</strong></span> <span class='ocrx_word' id='word_1_104' title='bbox 468 1609 560 1689; x_wconf 80' lang='lat' dir='ltr'><strong>tradit</strong></span> <span class='ocrx_word' id='word_1_105' title='bbox 570 1613 600 1671; x_wconf 89' lang='lat' dir='ltr'><strong>S.</strong></span> <span class='ocrx_word' id='word_1_106' title='bbox 612 1611 721 1671; x_wconf 88' lang='lat' dir='ltr'><strong>Thom.</strong></span> <span class='ocrx_word' id='word_1_107' title='bbox 736 1619 838 1688; x_wconf 80' lang='lat' dir='ltr'><strong>quast.</strong></span> <span class='ocrx_word' id='word_1_108' title='bbox 852 1609 902 1679; x_wconf 77' lang='lat'><strong>76.</strong></span> <span class='ocrx_word' id='word_1_109' title='bbox 913 1623 967 1672; x_wconf 87' lang='lat' dir='ltr'><strong>art</strong></span> 
     </span>
     <span class='ocr_line' id='line_1_18' title="bbox 53 1689 968 1770; baseline 0.002 -24"><span class='ocrx_word' id='word_1_110' title='bbox 53 1700 101 1750; x_wconf 56' lang='lat' dir='ltr'><strong>tet</strong></span> <span class='ocrx_word' id='word_1_111' title='bbox 115 1699 144 1751; x_wconf 79' lang='lat'><strong>3.</strong></span> <span class='ocrx_word' id='word_1_112' title='bbox 158 1703 190 1750; x_wconf 82' lang='lat' dir='ltr'><strong>et</strong></span> <span class='ocrx_word' id='word_1_113' title='bbox 200 1691 231 1750; x_wconf 87' lang='lat' dir='ltr'><strong>S.</strong></span> <span class='ocrx_word' id='word_1_114' title='bbox 241 1693 324 1769; x_wconf 81' lang='lat' dir='ltr'><strong>Aug.</strong></span> <span class='ocrx_word' id='word_1_115' title='bbox 345 1689 398 1750; x_wconf 87' lang='lat' dir='ltr'><strong>lib.</strong></span> <span class='ocrx_word' id='word_1_116' title='bbox 423 1697 450 1749; x_wconf 83' lang='lat'><strong>3.</strong></span> <span class='ocrx_word' id='word_1_117' title='bbox 480 1697 501 1725; x_wconf 89' lang='lat'><strong><em>“</em></strong></span> <span class='ocrx_word' id='word_1_118' title='bbox 510 1690 548 1748; x_wconf 89' lang='lat' dir='ltr'><strong>de</strong></span> <span class='ocrx_word' id='word_1_119' title='bbox 560 1690 655 1750; x_wconf 90' lang='lat' dir='ltr'><strong>libero</strong></span> <span class='ocrx_word' id='word_1_120' title='bbox 670 1690 793 1750; x_wconf 87' lang='lat' dir='ltr'><strong>arbitrio</strong></span> <span class='ocrx_word' id='word_1_121' title='bbox 802 1693 819 1716; x_wconf 88' lang='lat'><strong>&#39;&#39;</strong></span> <span class='ocrx_word' id='word_1_122' title='bbox 841 1710 905 1770; x_wconf 91' lang='lat' dir='ltr'><strong>cap.</strong></span> <span class='ocrx_word' id='word_1_123' title='bbox 923 1699 968 1762; x_wconf 88' lang='lat'><strong>19.</strong></span> 
     </span>
     <span class='ocr_line' id='line_1_19' title="bbox 53 1767 969 1850; baseline 0 -20"><span class='ocrx_word' id='word_1_124' title='bbox 53 1767 121 1842; x_wconf 79' lang='lat' dir='ltr'><strong>iait3</strong></span> <span class='ocrx_word' id='word_1_125' title='bbox 147 1778 168 1804; x_wconf 88' lang='lat'><strong>“</strong></span> <span class='ocrx_word' id='word_1_126' title='bbox 182 1790 242 1830; x_wconf 92' lang='lat' dir='ltr'><strong>non</strong></span> <span class='ocrx_word' id='word_1_127' title='bbox 269 1771 325 1831; x_wconf 85' lang='lat' dir='ltr'><strong>tibi</strong></span> <span class='ocrx_word' id='word_1_128' title='bbox 348 1769 510 1850; x_wconf 87' lang='lat' dir='ltr'><strong>deputatur</strong></span> <span class='ocrx_word' id='word_1_129' title='bbox 533 1771 572 1829; x_wconf 91' lang='lat' dir='ltr'><strong>ad</strong></span> <span class='ocrx_word' id='word_1_130' title='bbox 596 1771 725 1849; x_wconf 87' lang='lat' dir='ltr'><strong>culpam,</strong></span> <span class='ocrx_word' id='word_1_131' title='bbox 753 1770 835 1849; x_wconf 73' lang='lat' dir='ltr'><strong>quiid</strong></span> <span class='ocrx_word' id='word_1_132' title='bbox 855 1771 969 1831; x_wconf 75' lang='lat' dir='ltr'><strong>invitus</strong></span> 
     </span>
     <span class='ocr_line' id='line_1_20' title="bbox 59 1849 896 1930; baseline 0.004 -20"><span class='ocrx_word' id='word_1_133' title='bbox 59 1849 192 1930; x_wconf 86' lang='lat' dir='ltr'><strong>ignoras,</strong></span> <span class='ocrx_word' id='word_1_134' title='bbox 206 1850 260 1911; x_wconf 81' lang='lat' dir='ltr'><strong>aad</strong></span> <span class='ocrx_word' id='word_1_135' title='bbox 269 1850 351 1930; x_wconf 75' lang='lat' dir='ltr'><strong>quod</strong></span> <span class='ocrx_word' id='word_1_136' title='bbox 364 1851 494 1930; x_wconf 77' lang='lat' dir='ltr'><strong>negligis</strong></span> <span class='ocrx_word' id='word_1_137' title='bbox 508 1872 641 1930; x_wconf 84' lang='lat' dir='ltr'><strong>quaerere</strong></span> <span class='ocrx_word' id='word_1_138' title='bbox 655 1850 737 1930; x_wconf 89' lang='lat' dir='ltr'><strong>quod</strong></span> <span class='ocrx_word' id='word_1_139' title='bbox 749 1850 896 1930; x_wconf 83' lang='lat' dir='ltr'><strong>ignoras.&#39;&#39;</strong></span> 
     </span>
     <span class='ocr_line' id='line_1_21' title="bbox 67 1930 969 2011; baseline -0.006 -20"><span class='ocrx_word' id='word_1_140' title='bbox 67 1931 141 2011; x_wconf 67' lang='lat' dir='ltr'><strong>Olyj.</strong></span> <span class='ocrx_word' id='word_1_141' title='bbox 172 1931 196 1992; x_wconf 93' lang='lat'><strong>1.</strong></span> <span class='ocrx_word' id='word_1_142' title='bbox 223 1932 261 1992; x_wconf 88' lang='lat' dir='ltr'><strong>ln</strong></span> <span class='ocrx_word' id='word_1_143' title='bbox 274 1933 365 1991; x_wconf 89' lang='lat' dir='ltr'><strong>Cone.</strong></span> <span class='ocrx_word' id='word_1_144' title='bbox 381 1930 589 2010; x_wconf 81' lang='lat' dir='ltr'><strong>Diospolitauo</strong></span> <span class='ocrx_word' id='word_1_145' title='bbox 612 1931 751 1995; x_wconf 86' lang='lat' dir='ltr'><strong>damnata</strong></span> <span class='ocrx_word' id='word_1_146' title='bbox 765 1940 810 1991; x_wconf 85' lang='lat' dir='ltr'><strong>eat</strong></span> <span class='ocrx_word' id='word_1_147' title='bbox 822 1932 888 1990; x_wconf 80' lang='lat' dir='ltr'><strong>hae</strong></span> <span class='ocrx_word' id='word_1_148' title='bbox 900 1933 969 1992; x_wconf 73' lang='lat' dir='ltr'><strong>Cae„</strong></span> 
     </span>
     <span class='ocr_line' id='line_1_22' title="bbox 53 2004 972 2091; baseline 0.002 -22"><span class='ocrx_word' id='word_1_149' title='bbox 53 2011 103 2070; x_wconf 87' lang='lat' dir='ltr'><strong>atii</strong></span> <span class='ocrx_word' id='word_1_150' title='bbox 119 2004 301 2091; x_wconf 80' lang='lat' dir='ltr'><strong>propositio;</strong></span> <span class='ocrx_word' id='word_1_151' title='bbox 329 2012 484 2071; x_wconf 90' lang='lat' dir='ltr'><strong>“Oblivio</strong></span> <span class='ocrx_word' id='word_1_152' title='bbox 505 2023 535 2071; x_wconf 89' lang='lat' dir='ltr'><strong>et</strong></span> <span class='ocrx_word' id='word_1_153' title='bbox 555 2009 723 2090; x_wconf 84' lang='lat' dir='ltr'><strong>ignorantia</strong></span> <span class='ocrx_word' id='word_1_154' title='bbox 741 2031 802 2071; x_wconf 92' lang='lat' dir='ltr'><strong>non</strong></span> <span class='ocrx_word' id='word_1_155' title='bbox 816 2012 972 2091; x_wconf 84' lang='lat' dir='ltr'><strong>subjacent</strong></span> 
     </span>
     <span class='ocr_line' id='line_1_23' title="bbox 58 2091 970 2171; baseline -0.001 -20"><span class='ocrx_word' id='word_1_156' title='bbox 58 2103 202 2171; x_wconf 84' lang='lat' dir='ltr'><strong>peccato:</strong></span> <span class='ocrx_word' id='word_1_157' title='bbox 224 2091 369 2171; x_wconf 87' lang='lat' dir='ltr'><strong>quianon</strong></span> <span class='ocrx_word' id='word_1_158' title='bbox 389 2092 549 2151; x_wconf 72' lang='lat' dir='ltr'><strong>secundnm</strong></span> <span class='ocrx_word' id='word_1_159' title='bbox 577 2091 770 2163; x_wconf 89' lang='lat' dir='ltr'><strong>voluntatem,</strong></span> <span class='ocrx_word' id='word_1_160' title='bbox 797 2091 850 2150; x_wconf 83' lang='lat' dir='ltr'><strong>aed</strong></span> <span class='ocrx_word' id='word_1_161' title='bbox 864 2110 970 2151; x_wconf 84' lang='lat' dir='ltr'><strong>secun-</strong></span> 
     </span>
     <span class='ocr_line' id='line_1_24' title="bbox 59 2170 969 2252; baseline 0.001 -22"><span class='ocrx_word' id='word_1_162' title='bbox 59 2170 132 2231; x_wconf 62' lang='lat' dir='ltr'><strong>d‘mn</strong></span> <span class='ocrx_word' id='word_1_163' title='bbox 145 2173 350 2232; x_wconf 78' lang='lat' dir='ltr'><strong>necessitatem</strong></span> <span class='ocrx_word' id='word_1_164' title='bbox 361 2173 505 2233; x_wconf 80' lang='lat' dir='ltr'><strong>eveniunt</strong></span> <span class='ocrx_word' id='word_1_165' title='bbox 511 2175 541 2244; x_wconf 87' lang='lat'><strong>,·&#39;&#39;</strong></span> <span class='ocrx_word' id='word_1_166' title='bbox 554 2172 638 2251; x_wconf 88' lang='lat' dir='ltr'><strong>atqui</strong></span> <span class='ocrx_word' id='word_1_167' title='bbox 651 2171 683 2229; x_wconf 91' lang='lat' dir='ltr'><strong>in</strong></span> <span class='ocrx_word' id='word_1_168' title='bbox 696 2171 753 2230; x_wconf 86' lang='lat' dir='ltr'><strong>ista</strong></span> <span class='ocrx_word' id='word_1_169' title='bbox 766 2170 969 2252; x_wconf 76' lang='lat' dir='ltr'><strong>propositione</strong></span> 
     </span>
     <span class='ocr_line' id='line_1_25' title="bbox 53 2250 970 2332; baseline 0.001 -21"><span class='ocrx_word' id='word_1_170' title='bbox 53 2251 126 2330; x_wconf 63' lang='lat' dir='ltr'><strong>fitur</strong></span> <span class='ocrx_word' id='word_1_171' title='bbox 150 2251 189 2311; x_wconf 87' lang='lat' dir='ltr'><strong>de</strong></span> <span class='ocrx_word' id='word_1_172' title='bbox 213 2250 380 2330; x_wconf 79' lang='lat' dir='ltr'><strong>ignorantia</strong></span> <span class='ocrx_word' id='word_1_173' title='bbox 406 2250 592 2324; x_wconf 88' lang='lat' dir='ltr'><strong>invincibili;</strong></span> <span class='ocrx_word' id='word_1_174' title='bbox 614 2250 685 2330; x_wconf 91' lang='lat' dir='ltr'><strong>quia</strong></span> <span class='ocrx_word' id='word_1_175' title='bbox 698 2251 757 2326; x_wconf 85' lang='lat' dir='ltr'><strong>illa,</strong></span> <span class='ocrx_word' id='word_1_176' title='bbox 782 2272 850 2332; x_wconf 87' lang='lat' dir='ltr'><strong>quae</strong></span> <span class='ocrx_word' id='word_1_177' title='bbox 863 2271 970 2312; x_wconf 82' lang='lat' dir='ltr'><strong>secun·</strong></span> 
     </span>
     <span class='ocr_line' id='line_1_26' title="bbox 53 2331 887 2409; baseline -0.001 -16"><span class='ocrx_word' id='word_1_178' title='bbox 53 2339 96 2393; x_wconf 81' lang='lat' dir='ltr'><strong>lm</strong></span> <span class='ocrx_word' id='word_1_179' title='bbox 110 2331 315 2409; x_wconf 69' lang='lat' dir='ltr'><strong>pannositatem</strong></span> <span class='ocrx_word' id='word_1_180' title='bbox 325 2332 434 2404; x_wconf 86' lang='lat' dir='ltr'><strong>evenit,</strong></span> <span class='ocrx_word' id='word_1_181' title='bbox 450 2343 494 2392; x_wconf 89' lang='lat' dir='ltr'><strong>est</strong></span> <span class='ocrx_word' id='word_1_182' title='bbox 506 2332 700 2392; x_wconf 83' lang='lat' dir='ltr'><strong>invincibilis.</strong></span> <span class='ocrx_word' id='word_1_183' title='bbox 884 2348 887 2353; x_wconf 83' lang='grc'><strong>’</strong></span> 
     </span>
    </p>

    <p class='ocr_par' dir='ltr' id='par_1_9' title="bbox 53 2410 969 2812">
     <span class='ocr_line' id='line_1_27' title="bbox 66 2410 969 2492; baseline -0.001 -19"><span class='ocrx_word' id='word_1_184' title='bbox 66 2414 103 2473; x_wconf 80' lang='lat' dir='ltr'><strong>tt</strong></span> <span class='ocrx_word' id='word_1_185' title='bbox 120 2415 149 2472; x_wconf 87' lang='lat' dir='ltr'>N</span> <span class='ocrx_word' id='word_1_186' title='bbox 191 2412 281 2471; x_wconf 79' lang='lat' dir='ltr'><strong>‚min</strong></span> <span class='ocrx_word' id='word_1_187' title='bbox 293 2413 365 2492; x_wconf 87' lang='lat' dir='ltr'><strong>quia</strong></span> <span class='ocrx_word' id='word_1_188' title='bbox 375 2411 570 2475; x_wconf 83' lang='lat' dir='ltr'><strong>Coelestiuaet</strong></span> <span class='ocrx_word' id='word_1_189' title='bbox 581 2413 646 2492; x_wconf 75' lang='lat' dir='ltr'><strong>ejus</strong></span> <span class='ocrx_word' id='word_1_190' title='bbox 656 2424 797 2492; x_wconf 83' lang='lat' dir='ltr'><strong>sequaces</strong></span> <span class='ocrx_word' id='word_1_191' title='bbox 808 2410 969 2472; x_wconf 82' lang='lat' dir='ltr'><strong>contende·</strong></span> 
     </span>
     <span class='ocr_line' id='line_1_28' title="bbox 53 2491 967 2571; baseline -0.002 -18"><span class='ocrx_word' id='word_1_192' title='bbox 53 2505 109 2567; x_wconf 81' lang='lat' dir='ltr'><strong>nrt,</strong></span> <span class='ocrx_word' id='word_1_193' title='bbox 125 2513 167 2552; x_wconf 91' lang='lat' dir='ltr'><strong>nu</strong></span> <span class='ocrx_word' id='word_1_194' title='bbox 221 2513 286 2552; x_wconf 80' lang='lat' dir='ltr'><strong>eoae</strong></span> <span class='ocrx_word' id='word_1_195' title='bbox 308 2492 484 2571; x_wconf 72' lang='lat' dir='ltr'><strong>ignorantiae</strong></span> <span class='ocrx_word' id='word_1_196' title='bbox 520 2494 667 2553; x_wconf 89' lang='lat' dir='ltr'><strong>eccataob</strong></span> <span class='ocrx_word' id='word_1_197' title='bbox 682 2492 832 2552; x_wconf 84' lang='lat' dir='ltr'><strong>delectum</strong></span> <span class='ocrx_word' id='word_1_198' title='bbox 846 2491 967 2551; x_wconf 90' lang='lat' dir='ltr'><strong>liberta·</strong></span> 
     </span>
     <span class='ocr_line' id='line_1_29' title="bbox 53 2566 969 2651; baseline -0.002 -19"><span class='ocrx_word' id='word_1_199' title='bbox 53 2593 81 2637; x_wconf 78' lang='lat' dir='ltr'><strong>a:</strong></span> <span class='ocrx_word' id='word_1_200' title='bbox 112 2576 180 2651; x_wconf 77' lang='lat' dir='ltr'><strong>quaa</strong></span> <span class='ocrx_word' id='word_1_201' title='bbox 192 2573 272 2633; x_wconf 88' lang='lat' dir='ltr'><strong>enim</strong></span> <span class='ocrx_word' id='word_1_202' title='bbox 286 2574 472 2650; x_wconf 85' lang='lat' dir='ltr'><strong>ignorantur,</strong></span> <span class='ocrx_word' id='word_1_203' title='bbox 520 2573 636 2633; x_wconf 87' lang='lat' dir='ltr'><strong>&#39;cebant</strong></span> <span class='ocrx_word' id='word_1_204' title='bbox 660 2571 713 2646; x_wconf 91' lang='lat' dir='ltr'><strong>illi,</strong></span> <span class='ocrx_word' id='word_1_205' title='bbox 734 2566 826 2631; x_wconf 72' lang='lat' dir='ltr'><strong>libere</strong></span> <span class='ocrx_word' id='word_1_206' title='bbox 841 2592 901 2630; x_wconf 91' lang='lat' dir='ltr'><strong>non</strong></span> <span class='ocrx_word' id='word_1_207' title='bbox 915 2572 969 2630; x_wconf 87' lang='lat' dir='ltr'><strong>eli-</strong></span> 
     </span>
     <span class='ocr_line' id='line_1_30' title="bbox 53 2650 969 2731; baseline 0.001 -19"><span class='ocrx_word' id='word_1_208' title='bbox 53 2664 152 2724; x_wconf 83' lang='lat' dir='ltr'><strong>antur,</strong></span> <span class='ocrx_word' id='word_1_209' title='bbox 192 2653 243 2713; x_wconf 85' lang='lat' dir='ltr'><strong>aed</strong></span> <span class='ocrx_word' id='word_1_210' title='bbox 271 2652 438 2714; x_wconf 75' lang='lat' dir='ltr'><strong>secundum</strong></span> <span class='ocrx_word' id='word_1_211' title='bbox 462 2655 666 2713; x_wconf 79' lang='lat' dir='ltr'><strong>necessitatem</strong></span> <span class='ocrx_word' id='word_1_212' title='bbox 694 2651 836 2711; x_wconf 85' lang='lat' dir='ltr'><strong>eveniunt</strong></span> <span class='ocrx_word' id='word_1_213' title='bbox 844 2675 855 2725; x_wconf 69' lang='grc' dir='ltr'><strong><em>ς</em></strong></span> <span class='ocrx_word' id='word_1_214' title='bbox 887 2650 969 2731; x_wconf 81' lang='lat' dir='ltr'><strong>quod</strong></span> 
     </span>
     <span class='ocr_line' id='line_1_31' title="bbox 53 2734 541 2812; baseline -0.004 -19"><span class='ocrx_word' id='word_1_215' title='bbox 53 2734 136 2794; x_wconf 84' lang='lat' dir='ltr'><strong>laum</strong></span> <span class='ocrx_word' id='word_1_216' title='bbox 150 2743 204 2799; x_wconf 82' lang='lat' dir='ltr'><strong>eat,</strong></span> <span class='ocrx_word' id='word_1_217' title='bbox 218 2745 252 2794; x_wconf 88' lang='lat' dir='ltr'><strong>nt</strong></span> <span class='ocrx_word' id='word_1_218' title='bbox 264 2746 368 2812; x_wconf 76' lang='lat' dir='ltr'><strong>postea</strong></span> <span class='ocrx_word' id='word_1_219' title='bbox 380 2734 541 2793; x_wconf 84' lang='lat' dir='ltr'><strong>videbitur.</strong></span> 
     </span>
    </p>

    <p class='ocr_par' dir='ltr' id='par_1_10' title="bbox 53 2811 1050 3054">
     <span class='ocr_line' id='line_1_32' title="bbox 63 2811 1050 2893; baseline -0.003 -18"><span class='ocrx_word' id='word_1_220' title='bbox 63 2815 138 2893; x_wconf 87' lang='lat' dir='ltr'><strong>obj.</strong></span> <span class='ocrx_word' id='word_1_221' title='bbox 157 2814 200 2875; x_wconf 88' lang='lat'><strong>11.</strong></span> <span class='ocrx_word' id='word_1_222' title='bbox 213 2815 385 2893; x_wconf 81' lang='lat' dir='ltr'><strong>Ignorantia</strong></span> <span class='ocrx_word' id='word_1_223' title='bbox 397 2825 442 2874; x_wconf 87' lang='lat' dir='ltr'><strong>eat</strong></span> <span class='ocrx_word' id='word_1_224' title='bbox 455 2813 622 2873; x_wconf 88' lang='lat' dir='ltr'><strong>voluntaria</strong></span> <span class='ocrx_word' id='word_1_225' title='bbox 644 2813 676 2871; x_wconf 91' lang='lat' dir='ltr'><strong>in</strong></span> <span class='ocrx_word' id='word_1_226' title='bbox 700 2811 797 2883; x_wconf 80' lang='lat' dir='ltr'><strong>causa,</strong></span> <span class='ocrx_word' id='word_1_227' title='bbox 812 2811 925 2874; x_wconf 83' lang='lat' dir='ltr'><strong>scilieet</strong></span> <span class='ocrx_word' id='word_1_228' title='bbox 937 2815 970 2874; x_wconf 91' lang='lat' dir='ltr'><strong>in</strong></span> <span class='ocrx_word' id='word_1_229' title='bbox 1008 2831 1012 2838; x_wconf 85' lang='lat'><em>·</em></span> <span class='ocrx_word' id='word_1_230' title='bbox 1046 2840 1050 2850; x_wconf 71' lang='lat'>=</span> 
     </span>
     <span class='ocr_line' id='line_1_33' title="bbox 53 2892 968 2974; baseline -0.003 -19"><span class='ocrx_word' id='word_1_231' title='bbox 53 2907 151 2955; x_wconf 71' lang='lat' dir='ltr'><strong>aocato</strong></span> <span class='ocrx_word' id='word_1_232' title='bbox 162 2892 309 2973; x_wconf 79' lang='lat' dir='ltr'><strong>originali,</strong></span> <span class='ocrx_word' id='word_1_233' title='bbox 323 2895 411 2974; x_wconf 81' lang='lat' dir='ltr'><strong>cujus</strong></span> <span class='ocrx_word' id='word_1_234' title='bbox 425 2905 469 2953; x_wconf 85' lang='lat' dir='ltr'><strong>est</strong></span> <span class='ocrx_word' id='word_1_235' title='bbox 482 2916 590 2973; x_wconf 60' lang='lat' dir='ltr'><strong>poena‘3</strong></span> <span class='ocrx_word' id='word_1_236' title='bbox 602 2913 675 2972; x_wconf 85' lang='lat' dir='ltr'><strong>ergo</strong></span> <span class='ocrx_word' id='word_1_237' title='bbox 688 2892 858 2972; x_wconf 88' lang='lat' dir='ltr'><strong>ignorantia</strong></span> <span class='ocrx_word' id='word_1_238' title='bbox 870 2892 968 2954; x_wconf 83' lang='lat' dir='ltr'><strong>invin-</strong></span> 
     </span>
     <span class='ocr_line' id='line_1_34' title="bbox 53 2970 553 3054; baseline -0.002 -20"><span class='ocrx_word' id='word_1_239' title='bbox 53 2970 123 3034; x_wconf 86' lang='lat' dir='ltr'><strong>bilis</strong></span> <span class='ocrx_word' id='word_1_240' title='bbox 136 2994 201 3033; x_wconf 85' lang='lat' dir='ltr'><strong>non</strong></span> <span class='ocrx_word' id='word_1_241' title='bbox 211 2985 332 3035; x_wconf 83' lang='lat' dir='ltr'><strong>excusat</strong></span> <span class='ocrx_word' id='word_1_242' title='bbox 346 2979 361 3034; x_wconf 78' lang='grc' dir='ltr'>ὲ</span> <span class='ocrx_word' id='word_1_243' title='bbox 376 2987 508 3054; x_wconf 87' lang='lat' dir='ltr'><strong>peccato.</strong></span> <span class='ocrx_word' id='word_1_244' title='bbox 552 3010 553 3014; x_wconf 62' lang='lat'><em>=</em></span> 
     </span>
    </p>

    <p class='ocr_par' dir='ltr' id='par_1_11' title="bbox 53 3052 970 3614">
     <span class='ocr_line' id='line_1_35' title="bbox 64 3052 968 3134; baseline 0.001 -21"><span class='ocrx_word' id='word_1_245' title='bbox 64 3055 100 3113; x_wconf 81' lang='lat' dir='ltr'><strong>R.</strong></span> <span class='ocrx_word' id='word_1_246' title='bbox 117 3055 273 3134; x_wconf 71' lang='lat' dir='ltr'><strong>Inprimis</strong></span> <span class='ocrx_word' id='word_1_247' title='bbox 296 3070 506 3134; x_wconf 86' lang='lat' dir='ltr'><strong>argumentum</strong></span> <span class='ocrx_word' id='word_1_248' title='bbox 520 3052 599 3114; x_wconf 76' lang='lat' dir='ltr'><strong>cerni</strong></span> <span class='ocrx_word' id='word_1_249' title='bbox 614 3054 714 3114; x_wconf 88' lang='lat' dir='ltr'><strong>locum</strong></span> <span class='ocrx_word' id='word_1_250' title='bbox 728 3072 789 3113; x_wconf 91' lang='lat' dir='ltr'><strong>non</strong></span> <span class='ocrx_word' id='word_1_251' title='bbox 802 3052 893 3115; x_wconf 87' lang='lat' dir='ltr'><strong>habet</strong></span> <span class='ocrx_word' id='word_1_252' title='bbox 906 3072 968 3114; x_wconf 79' lang='lat' dir='ltr'><strong>ree·</strong></span> 
     </span>
     <span class='ocr_line' id='line_1_36' title="bbox 53 3133 969 3214; baseline 0.001 -22"><span class='ocrx_word' id='word_1_253' title='bbox 53 3146 114 3194; x_wconf 70' lang='lat' dir='ltr'><strong>actu</strong></span> <span class='ocrx_word' id='word_1_254' title='bbox 129 3134 260 3204; x_wconf 89' lang='lat' dir='ltr'><strong>illorum,</strong></span> <span class='ocrx_word' id='word_1_255' title='bbox 272 3135 423 3214; x_wconf 86' lang='lat' dir='ltr'><strong>inquibus</strong></span> <span class='ocrx_word' id='word_1_256' title='bbox 436 3145 591 3214; x_wconf 86' lang='lat' dir='ltr'><strong>peccatum</strong></span> <span class='ocrx_word' id='word_1_257' title='bbox 607 3134 650 3194; x_wconf 89' lang='lat' dir='ltr'><strong>ori</strong></span> <span class='ocrx_word' id='word_1_258' title='bbox 674 3133 751 3194; x_wconf 83' lang='lat' dir='ltr'><strong>&#39;nale</strong></span> <span class='ocrx_word' id='word_1_259' title='bbox 765 3145 811 3194; x_wconf 84' lang='lat' dir='ltr'><strong>eat</strong></span> <span class='ocrx_word' id='word_1_260' title='bbox 824 3133 969 3194; x_wconf 86' lang='lat' dir='ltr'><strong>deletum.</strong></span> 
     </span>
     <span class='ocr_line' id='line_1_37' title="bbox 63 3155 969 3295; baseline -0.001 -22"><span class='ocrx_word' id='word_1_261' title='bbox 63 3214 107 3273; x_wconf 76' lang='lat'><strong>2⁰.</strong></span> <span class='ocrx_word' id='word_1_262' title='bbox 123 3217 230 3294; x_wconf 85' lang='lat' dir='ltr'><strong>Neque</strong></span> <span class='ocrx_word' id='word_1_263' title='bbox 251 3215 349 3276; x_wconf 79' lang='lat' dir='ltr'><strong>locum</strong></span> <span class='ocrx_word' id='word_1_264' title='bbox 362 3216 472 3276; x_wconf 89' lang='lat' dir='ltr'><strong>hebere</strong></span> <span class='ocrx_word' id='word_1_265' title='bbox 485 3226 583 3295; x_wconf 85' lang='lat' dir='ltr'><strong>potest</strong></span> <span class='ocrx_word' id='word_1_266' title='bbox 593 3214 625 3273; x_wconf 90' lang='lat' dir='ltr'><strong>in</strong></span> <span class='ocrx_word' id='word_1_267' title='bbox 638 3155 708 3285; x_wconf 70' lang='lat' dir='ltr'><strong>illis,</strong></span> <span class='ocrx_word' id='word_1_268' title='bbox 722 3211 753 3273; x_wconf 90' lang='lat' dir='ltr'><strong>in</strong></span> <span class='ocrx_word' id='word_1_269' title='bbox 768 3215 878 3295; x_wconf 75' lang='lat' dir='ltr'><strong>quibua</strong></span> <span class='ocrx_word' id='word_1_270' title='bbox 891 3213 969 3273; x_wconf 88' lang='lat' dir='ltr'><strong>illud</strong></span> 
     </span>
     <span class='ocr_line' id='line_1_38' title="bbox 53 3293 970 3374; baseline 0 -22"><span class='ocrx_word' id='word_1_271' title='bbox 53 3315 85 3353; x_wconf 75' lang='lat' dir='ltr'><strong>an</strong></span> <span class='ocrx_word' id='word_1_272' title='bbox 99 3307 147 3357; x_wconf 89' lang='lat' dir='ltr'><strong>est</strong></span> <span class='ocrx_word' id='word_1_273' title='bbox 158 3295 289 3355; x_wconf 88' lang='lat' dir='ltr'><strong>deletum</strong></span> <span class='ocrx_word' id='word_1_274' title='bbox 300 3320 310 3368; x_wconf 92' lang='lat'>;</span> <span class='ocrx_word' id='word_1_275' title='bbox 335 3296 552 3374; x_wconf 89' lang='lat' dir='ltr'><strong>qualecumque</strong></span> <span class='ocrx_word' id='word_1_276' title='bbox 574 3296 652 3354; x_wconf 90' lang='lat' dir='ltr'><strong>enim</strong></span> <span class='ocrx_word' id='word_1_277' title='bbox 674 3294 849 3354; x_wconf 87' lang='lat' dir='ltr'><strong>admittatur</strong></span> <span class='ocrx_word' id='word_1_278' title='bbox 862 3293 970 3353; x_wconf 85' lang='lat' dir='ltr'><strong>volun·</strong></span> 
     </span>
     <span class='ocr_line' id='line_1_39' title="bbox 53 3374 969 3455; baseline -0.003 -20"><span class='ocrx_word' id='word_1_279' title='bbox 53 3375 133 3435; x_wconf 84' lang='lat' dir='ltr'><strong>rium</strong></span> <span class='ocrx_word' id='word_1_280' title='bbox 148 3376 180 3435; x_wconf 92' lang='lat' dir='ltr'><strong>in</strong></span> <span class='ocrx_word' id='word_1_281' title='bbox 202 3387 326 3455; x_wconf 82' lang='lat' dir='ltr'><strong>peccato</strong></span> <span class='ocrx_word' id='word_1_282' title='bbox 340 3376 487 3455; x_wconf 87' lang='lat' dir='ltr'><strong>originali,</strong></span> <span class='ocrx_word' id='word_1_283' title='bbox 513 3375 543 3434; x_wconf 87' lang='lat' dir='ltr'><strong>id</strong></span> <span class='ocrx_word' id='word_1_284' title='bbox 557 3374 617 3434; x_wconf 83' lang='lat' dir='ltr'><strong>non</strong></span> <span class='ocrx_word' id='word_1_285' title='bbox 632 3375 739 3435; x_wconf 83' lang='lat' dir='ltr'><strong>sufficit</strong></span> <span class='ocrx_word' id='word_1_286' title='bbox 752 3375 791 3434; x_wconf 88' lang='lat' dir='ltr'><strong>ad</strong></span> <span class='ocrx_word' id='word_1_287' title='bbox 810 3383 969 3454; x_wconf 83' lang='lat' dir='ltr'><strong>peccatum</strong></span> 
     </span>
     <span class='ocr_line' id='line_1_40' title="bbox 53 3453 969 3534; baseline 0 -20"><span class='ocrx_word' id='word_1_288' title='bbox 53 3455 191 3526; x_wconf 74' lang='lat' dir='ltr'><strong>araonale,</strong></span> <span class='ocrx_word' id='word_1_289' title='bbox 206 3457 258 3517; x_wconf 84' lang='lat' dir='ltr'><strong>aed</strong></span> <span class='ocrx_word' id='word_1_290' title='bbox 282 3457 320 3516; x_wconf 86' lang='lat' dir='ltr'><strong>ad</strong></span> <span class='ocrx_word' id='word_1_291' title='bbox 338 3457 396 3516; x_wconf 87' lang='lat' dir='ltr'><strong>hoc</strong></span> <span class='ocrx_word' id='word_1_292' title='bbox 409 3457 572 3534; x_wconf 81' lang='lat' dir='ltr'><strong>requiritur</strong></span> <span class='ocrx_word' id='word_1_293' title='bbox 586 3454 787 3515; x_wconf 85' lang='lat' dir='ltr'><strong>voluntarium</strong></span> <span class='ocrx_word' id='word_1_294' title='bbox 801 3453 969 3534; x_wconf 83' lang='lat' dir='ltr'><strong>personale,</strong></span> 
     </span>
     <span class='ocr_line' id='line_1_41' title="bbox 53 3535 838 3614; baseline -0.001 -22"><span class='ocrx_word' id='word_1_295' title='bbox 53 3535 160 3596; x_wconf 70' lang='lat' dir='ltr'><strong>:docet</strong></span> <span class='ocrx_word' id='word_1_296' title='bbox 175 3537 205 3596; x_wconf 89' lang='lat' dir='ltr'><strong>S.</strong></span> <span class='ocrx_word' id='word_1_297' title='bbox 221 3537 328 3596; x_wconf 84' lang='lat' dir='ltr'><strong>Thom.</strong></span> <span class='ocrx_word' id='word_1_298' title='bbox 342 3536 374 3594; x_wconf 93' lang='lat' dir='ltr'><strong>in</strong></span> <span class='ocrx_word' id='word_1_299' title='bbox 388 3544 414 3595; x_wconf 75' lang='lat'><strong>2.</strong></span> <span class='ocrx_word' id='word_1_300' title='bbox 432 3536 502 3595; x_wconf 89' lang='lat' dir='ltr'><strong>dist.</strong></span> <span class='ocrx_word' id='word_1_301' title='bbox 518 3543 567 3596; x_wconf 84' lang='grc'><strong>30.</strong></span> <span class='ocrx_word' id='word_1_302' title='bbox 580 3545 684 3614; x_wconf 75' lang='lat' dir='ltr'><strong>quast.</strong></span> <span class='ocrx_word' id='word_1_303' title='bbox 703 3545 730 3594; x_wconf 90' lang='grc'><strong>1.</strong></span> <span class='ocrx_word' id='word_1_304' title='bbox 741 3545 795 3593; x_wconf 84' lang='lat' dir='ltr'><strong>art</strong></span> <span class='ocrx_word' id='word_1_305' title='bbox 809 3542 838 3595; x_wconf 77' lang='lat'><strong>2.</strong></span> 
     </span>
    </p>

    <p class='ocr_par' dir='ltr' id='par_1_12' title="bbox 61 3613 965 3677">
     <span class='ocr_line' id='line_1_42' title="bbox 61 3613 965 3677; baseline 0.003 -4"><span class='ocrx_word' id='word_1_306' title='bbox 61 3615 106 3677; x_wconf 88' lang='lat'><strong>11.</strong></span> <span class='ocrx_word' id='word_1_307' title='bbox 130 3615 215 3676; x_wconf 87' lang='lat' dir='ltr'><strong>Hinc</strong></span> <span class='ocrx_word' id='word_1_308' title='bbox 228 3617 366 3677; x_wconf 89' lang='lat' dir='ltr'><strong>damnata</strong></span> <span class='ocrx_word' id='word_1_309' title='bbox 379 3628 424 3676; x_wconf 82' lang='lat' dir='ltr'><strong>ost</strong></span> <span class='ocrx_word' id='word_1_310' title='bbox 438 3618 476 3675; x_wconf 87' lang='lat' dir='ltr'><strong>ab</strong></span> <span class='ocrx_word' id='word_1_311' title='bbox 490 3615 662 3676; x_wconf 82' lang='lat' dir='ltr'><strong>Alexandro</strong></span> <span class='ocrx_word' id='word_1_312' title='bbox 677 3613 768 3674; x_wconf 91' lang='lat' dir='ltr'><strong>Vlll.</strong></span> <span class='ocrx_word' id='word_1_313' title='bbox 788 3613 854 3674; x_wconf 85' lang='lat' dir='ltr'><strong>haec</strong></span> <span class='ocrx_word' id='word_1_314' title='bbox 904 3615 965 3676; x_wconf 85' lang='lat' dir='ltr'><strong>ima</strong></span> 
     </span>
    </p>
   </div>
   <div class='ocr_carea' id='block_1_6' title="bbox 53 3695 959 3842">
    <p class='ocr_par' dir='ltr' id='par_1_13' title="bbox 53 3695 959 3842">
     <span class='ocr_line' id='line_1_43' title="bbox 53 3695 959 3842; baseline -0.003 -85"><span class='ocrx_word' id='word_1_315' title='bbox 53 3707 99 3757; x_wconf 78' lang='lat' dir='ltr'><strong>ter</strong></span> <span class='ocrx_word' id='word_1_316' title='bbox 112 3696 240 3774; x_wconf 86' lang='lat' dir='ltr'><strong>triginta</strong></span> <span class='ocrx_word' id='word_1_317' title='bbox 246 3698 411 3777; x_wconf 83' lang='lat' dir='ltr'><strong>propositio</strong></span> <span class='ocrx_word' id='word_1_318' title='bbox 417 3722 429 3771; x_wconf 91' lang='lat'><em>;</em></span> <span class='ocrx_word' id='word_1_319' title='bbox 446 3705 466 3731; x_wconf 90' lang='lat'><strong><em>“</em></strong></span> <span class='ocrx_word' id='word_1_320' title='bbox 477 3699 515 3757; x_wconf 94' lang='lat' dir='ltr'><strong>ln</strong></span> <span class='ocrx_word' id='word_1_321' title='bbox 525 3707 605 3757; x_wconf 83' lang='lat' dir='ltr'><strong>statu</strong></span> <span class='ocrx_word' id='word_1_322' title='bbox 615 3706 732 3757; x_wconf 78' lang='lat' dir='ltr'><strong>naturae</strong></span> <span class='ocrx_word' id='word_1_323' title='bbox 739 3695 889 3842; x_wconf 46' lang='lat' dir='ltr'><strong>hlissm</strong></span> <span class='ocrx_word' id='word_1_324' title='bbox 895 3715 959 3776; x_wconf 75' lang='lat' dir='ltr'><strong>pen</strong></span> 
     </span>
    </p>
   </div>
   <div class='ocr_carea' id='block_1_7' title="bbox 53 3775 784 3922">
    <p class='ocr_par' dir='ltr' id='par_1_14' title="bbox 53 3775 784 3922">
     <span class='ocr_line' id='line_1_44' title="bbox 53 3775 784 3922; baseline 0.004 -85"><span class='ocrx_word' id='word_1_325' title='bbox 53 3787 151 3837; x_wconf 74' lang='lat' dir='ltr'><strong>artam</strong></span> <span class='ocrx_word' id='word_1_326' title='bbox 162 3776 289 3836; x_wconf 81' lang='lat' dir='ltr'><strong>mortale</strong></span> <span class='ocrx_word' id='word_1_327' title='bbox 301 3787 332 3836; x_wconf 80' lang='lat' dir='ltr'><strong>at</strong></span> <span class='ocrx_word' id='word_1_328' title='bbox 344 3777 530 3922; x_wconf 59' lang='lat' dir='ltr'><strong>demeritugr</strong></span> <span class='ocrx_word' id='word_1_329' title='bbox 544 3775 660 3868; x_wconf 79' lang='lat' dir='ltr'><strong>sufficit</strong></span> <span class='ocrx_word' id='word_1_330' title='bbox 684 3777 744 3843; x_wconf 88' lang='lat' dir='ltr'><strong>illa</strong></span> <span class='ocrx_word' id='word_1_331' title='bbox 753 3778 784 3841; x_wconf 87' lang='lat' dir='ltr'><strong>li</strong></span> 
     </span>
     <span class='ocr_line' id='line_1_45' title="bbox 468 3881 484 3921; baseline 0 0"><span class='ocrx_word' id='word_1_332' title='bbox 468 3881 484 3921; x_wconf 83' lang='lat' dir='ltr'><strong>a</strong></span> 
     </span>
    </p>
   </div>
   <div class='ocr_carea' id='block_1_8' title="bbox 891 3779 1006 3856">
    <p class='ocr_par' dir='ltr' id='par_1_15' title="bbox 891 3779 1006 3856">
     <span class='ocr_line' id='line_1_46' title="bbox 891 3779 1006 3856; baseline -0.017 -8"><span class='ocrx_word' id='word_1_333' title='bbox 891 3820 901 3848; x_wconf 87' lang='grc'><strong>.</strong></span> <span class='ocrx_word' id='word_1_334' title='bbox 917 3779 1006 3856; x_wconf 55' lang='grc' dir='ltr'><strong>φῖ..</strong></span> 
     </span>
    </p>
   </div>
   <div class='ocr_carea' id='block_1_9' title="bbox 0 0 1084 4072">
    <p class='ocr_par' dir='ltr' id='par_1_16' title="bbox 0 0 1084 4072">
     <span class='ocr_line' id='line_1_47' title="bbox 0 0 1084 4072; baseline 0 0"><span class='ocrx_word' id='word_1_335' title='bbox 0 0 1084 4072; x_wconf 95' lang='lat' dir='ltr'><strong> </strong></span> 
     </span>
    </p>
   </div>
  </div>
 </body>
</html>
