2160 4072
84 99 127 164 Ἀθ
458 120 657 168 nenorosus

85 265 181 344 accipi
203 283 292 343 posse
305 263 482 343 dupliciter:
510 270 606 350 primu
630 262 886 347 pro'uesecutione
896 262 1014 342 alicujus

84 345 139 415 rei,
150 355 181 403 et
190 344 248 404 hoc
262 364 349 403 sensu
364 346 448 409 Deus
463 349 673 429 comprehendi
682 357 791 426 potest,
802 347 892 426 juxte
901 344 977 404 illud
990 354 1012 406 1.

86 425 124 484 ud
138 425 205 483 Cor.
220 444 283 504 cup.
298 435 326 495 9.
343 444 370 482 ν.
386 433 434 491 24.
462 438 483 465 “
496 433 547 490 Sic
556 428 668 490 currite
680 440 715 487 ut
725 424 982 506 comprehendatis
990 427 1012 496 ,³¹

85 505 143 564 hoe
157 508 274 565 sensuri
289 506 388 564 Beatis
410 502 674 591 comprehenditdr
685 511 778 579 Deus,
804 506 886 566 unde
900 515 931 564 et
945 525 1012 564 com

86 586 440 663 prehensoresdicuntur.
734 584 739 591 ’

128 667 169 726 2⁰·
184 667 342 745 Accipitur
355 686 411 746 pro
424 673 557 752 perfectis
569 682 600 730 et
612 670 768 748 edaequotd
782 669 826 727 rei
840 663 1011 745 cognitione,

88 747 180 806 etita
209 754 229 782 “
244 749 511 824 comprehendere''
536 752 676 811 definitur
696 750 760 810 dS.
775 747 884 809 Thom.
913 747 963 804 hic
985 745 1011 802 in

87 829 178 905 Corp·
193 835 214 862 “
229 826 303 883 Rem
317 845 506 907 cognoscere,
520 834 552 892 in
566 830 709 911 quantum
729 824 939 908 cognoscibilis
952 826 1016 884 est''

87 907 131 966 ll·
142 908 215 967 'Hoc
225 925 313 967 ⁸⁸11ssss
324 908 494 975 intellectus
504 914 593 973 etiem
604 914 763 971 Beatorum
777 911 879 969 Deum
889 912 1013 984 compre·

88 987 289 1048 henderenon
298 999 405 1065 potest,
416 1007 449 1055 ut
458 1005 542 1073 putet
551 1010 589 1051 ex
603 994 666 1052 Jer.
677 1011 703 1053 c.
715 999 802 1051 sum.
815 997 864 1058 19.
875 987 929 1046 ubi
939 986 1012 1045 Deus

88 1066 200 1127 dicitur
221 1077 242 1104 ‘⁴
254 1068 565 1153 incomprehensibilis
589 1072 720 1150 cogitatu
730 1074 757 1132 :''
782 1079 813 1128 et
836 1065 1013 1146 cep.11.ud

90 1146 174 1208 Rom.
199 1170 229 1209 v.
243 1154 292 1207 33.
316 1156 369 1214 ubi
384 1156 525 1215 dicuntur
553 1161 573 1188 “
585 1148 901 1231 Incomprehensibilie
910 1145 1015 1225 judicit

89 1227 186 1306 ejus:”
207 1230 284 1289 ratio
294 1246 348 1307 est,
364 1237 444 1315 quod
458 1236 552 1304 Deus,
567 1253 635 1293 cum
650 1232 688 1291 sit
700 1228 898 1300 infinitus,'sit
910 1225 1017 1285 infinite

88 1310 307 1386 cognoscibilis,
335 1318 466 1394 sdedque
480 1319 517 1375 ab
536 1313 690 1374 intellectu
713 1311 797 1372 finito
812 1303 1013 1387 comprehendi

87 1409 148 1449 non
170 1393 283 1473 possit:
304 1397 376 1458 hinc
388 1417 445 1457 nec
467 1397 565 1455 anima
579 1393 691 1454 Christi
712 1390 868 1453 essentiam
892 1386 1014 1446 divinum

89 1469 333 1557 comprehendit:
356 1478 408 1538 sed
432 1477 512 1536 solus
528 1478 613 1535 Deus
623 1497 633 1547 ;
659 1475 730 1550 quio
742 1471 808 1552 ejus
819 1468 1015 1547 'cognitiotem

87 1555 220 1632 perfecta
233 1567 287 1628 est,
303 1560 392 1634 quim
411 1557 546 1617 essentia.

130 1636 202 1714 Obj.
216 1637 324 1714 Apost.
338 1647 372 1697 l.·
388 1638 428 1696 ed
441 1641 509 1698 Cor.
523 1657 587 1714 cup.
604 1642 650 1695 13.
672 1653 702 1693 v.
720 1638 766 1689 12.
785 1630 879 1689 dicits
901 1635 922 1662 “
936 1627 1016 1686 Tunc

89 1721 110 1749 “
119 1735 304 1792 cognoscem,
320 1719 398 1777 sicut
411 1729 442 1778 et
454 1718 592 1796 cognitus
603 1736 665 1774 sum
676 1713 704 1774 :”
716 1712 799 1791 atqui
811 1711 829 1770 d
843 1712 912 1770 Deo
926 1708 1016 1785 cogni·

88 1806 138 1855 tus
147 1807 212 1854 erat
220 1799 482 1876 comprehensive:
505 1817 587 1874 ergo,
611 1800 665 1856 &c
1013 1794 1016 1799 ’

131 1878 166 1955 Β.
192 1878 220 1935 N
223 1897 269 1956 eg.
291 1898 409 1957 conseq.
423 1878 570 1959 particule
581 1877 657 1935 enim
672 1882 693 1908 “
706 1873 800 1932 sicut'
814 1888 875 1933 non
885 1871 1017 1948 importet

90 1957 286 2016 omnimodam
299 1958 487 2038 paritatem:
516 1956 596 2016 unde
624 1953 787 2034 Apostolus
814 1948 929 2011 tuntirm
950 1946 1017 2016 vult,

90 2036 179 2116 quod,
194 2041 272 2098 sicut
284 2040 302 2098 d
316 2041 383 2117 D'eo
393 2040 605 2119 cognitus'eret
617 2045 708 2117 prout
718 2044 764 2093 est
775 2033 808 2090 in
821 2051 862 2102 se,
876 2029 918 2094 iu
927 2030 1019 2087 Deum

90 2119 209 2177 visurus
223 2130 309 2190 esset,
322 2120 513 2198 proutfps'tufin
523 2138 564 2180 se.
858 2131 862 2135 ’

90 2213 93 2217 ’
129 2198 179 2254 An
190 2198 284 2276 igitur
299 2200 384 2259 Deus
393 2194 522 2260 o'Bed't'is
532 2219 593 2257 non
604 2197 725 2256 videtur
738 2197 841 2253 totus?
858 2269 865 2285 1
956 2269 963 2283 ⁸

131 2277 193 2336 111.
223 2281 258 2338 R.
285 2281 371 2339 Deus
387 2280 507 2340 videtur
522 2288 614 2350 totus,
641 2276 695 2336 sed
708 2293 768 2333 non
782 2270 923 2339 totaliter,
938 2278 979 2329 urt
994 2266 1019 2359 ξι

91 2355 199 2416 Thom.
214 2359 252 2417 ad
266 2367 295 2419 u.
311 2360 381 2437 quia
400 2381 461 2420 non
484 2359 604 2418 videtur
621 2370 683 2417 tom
695 2353 831 2434 perfecto
848 2350 1019 2427 cognitionis

89 2437 187 2508 modo,
203 2440 293 2518 quim
305 2441 513 2517 cognoscibilis
527 2453 580 2499 est.

104 2599 149 2656 N.
169 2607 217 2662 22.
245 2599 310 2661 ΒΕ
327 2602 517 2663 OBJECTO
539 2597 730 2658 VISIONIS
751 2588 1003 2654 BEATIFICAE¹

91 2759 122 2817 L*
140 2760 260 2839 *Duplex
272 2763 406 2840 objectum
424 2760 538 2820 visionis
551 2758 620 2818 Dei.
662 2759 704 2817 II.
719 2751 805 2850 Bwid
818 2748 913 2810 vident
924 2747 1019 2816 omnin

90 2853 107 2934 'J
123 2932 125 2936 .
148 2860 211 2917 W
223 2841 332 2899 in'Deo
345 2848 410 2899 tunt
423 2839 592 2918 formaliter
605 2846 631 2897 et
645 2850 810 2897 vererumne.

116 3092 119 3097 Q
133 3020 158 3079 Ι.
170 3020 346 3082 DUPLEX
362 3020 557 3098 distinguitur
569 3018 721 3098 objectum
734 3011 856 3074 visionis
869 3007 1019 3102 Beatiiicte

92 3097 185 3180 unum
197 3100 384 3180 primarium,
410 3101 489 3180 quod
513 3101 627 3160 ratione
650 3099 696 3157 sut
711 3095 840 3158 videtur,
862 3099 892 3148 et
905 3099 953 3183 est
965 3106 1019 3181 rpn

91 3181 193 3242 Deuse
206 3181 332 3241 alterum
347 3180 563 3246 secundarium,
578 3178 661 3257 quod
674 3176 787 3235 ratione
800 3170 935 3251 primaru
945 3167 1019 3260 vidq-

91 3271 151 3333 tur,
157 3271 420 3323 etsuntcreaturse.
427 3260 876 3340 Deposterioriegeturnumero
882 3259 1016 3327 sequenti

131 3341 215 3415 Quid
229 3342 267 3403 de
282 3345 349 3402 Deo
360 3341 463 3401 vident
477 3341 585 3401 Beati?

132 3422 175 3481 11.
189 3424 224 3483 R.
242 3424 352 3482 Vident
359 3423 494 3482 intuitive
507 3421 614 3489 omnio,
630 3435 697 3494 quse
711 3411 822 3472 suntin
836 3405 904 3503 Deo
914 3411 1019 3469 forma·

90 3501 158 3562 liter
169 3513 199 3562 et
212 3505 386 3574 necessarid,
408 3502 485 3561 unde
505 3502 609 3561 vident
622 3495 756 3554 divinum
774 3493 953 3560 Essentrem,
976 3491 1019 3582 §S

91 3581 279 3667 Trinitatem,
307 3595 337 3645 et
350 3580 517 3663 generatim
540 3576 639 3642 omniu
661 3573 805 3635 attribute
828 3580 891 3630 tum
904 3571 1019 3629 relative

90 3661 180 3739 quim
193 3661 337 3725 obsolute
400 3660 404 3666 ’
778 3692 781 3697 -

118 3744 250 3805 Dictum
259 3732 788 3826 est,“quoesunti1illeoneeessmio
799 3732 824 3802 ζ’
835 3729 1019 3807 nuisdemeu

61 3821 165 3888 libere
180 3827 293 3891 vident
302 3819 435 3911 quidem
448 3821 600 3909 quantum
610 3814 828 3912 sensuum
835 3807 1019 3883 nummum
