2152 4066
130 61 220 143 ΞΜ
371 138 377 143 .
403 96 425 139 .·
511 96 712 144 raacrarna

304 244 343 303 N.
359 248 416 303 ⁴15.¹
450 243 510 303 DE
531 242 908 311 ruauvuerenm.

89 412 101 441 '
133 402 156 462 I.
170 401 390 465 Inodeesteatio.
432 400 476 462 II.
496 402 675 465 invincibilia
700 411 816 463 necrol
836 386 854 463 l
876 388 1068 485 peccatoria

169 482 206 542 sil
233 484 400 542 antecerbne
422 481 480 542 sive
506 483 806 560 coaccmdanaoperir.
850 486 910 545 III.
930 487 1068 553 Vincililic

169 563 453 624 memoratum.
498 560 551 623 IV.
567 563 627 621 Sed
647 561 666 619 d
691 569 778 622 tauto.
821 563 866 637 V.'¹
880 564 1068 630 Advertentio.

170 641 224 701 VI.
238 639 305 698 Atia
318 640 447 712 actualis,
461 641 522 701 olio
536 639 673 700 virtualis.
715 640 788 701 VII.
810 642 901 701 Pleno
922 644 967 703 sel
992 649 1067 709 sena.

167 722 272 858 pmii
303 720 393 780 VIII.
422 721 470 780 Ad
478 720 657 800 peccandum
665 741 719 780 non
733 718 889 801 requiritur
898 723 1067 788 advertentis

167 808 249 861 actua
268 802 298 860 ἰ.

168 959 335 1032 QUIDcst
350 961 598 1021 Inadverteutia?

168 1042 193 1099 1.
209 1041 245 1102 R.
268 1041 323 1100 Est
348 1041 483 1102 defectus
508 1039 752 1101 considerationis
777 1061 830 1101 eeu
864 1040 1068 1120 applicationis

125 1119 264 1180 animiad
273 1120 406 1200 aliquid:
419 1121 505 1181 aliter
519 1120 629 1181 dicitur
643 1120 881 1192 inconsideratio,
888 1120 937 1180 vel
947 1123 1068 1198 oblivio,

126 1210 181 1260 aut
192 1201 359 1279 ignorantia
371 1201 496 1262 actualis
506 1224 515 1273 ;
544 1200 616 1279 quia
637 1220 746 1279 nempe
767 1202 928 1279 opponitur
940 1205 1068 1267 scientia

126 1298 179 1339 seu
191 1300 228 1341 eu
273 1281 279 1297 ⁰
291 1282 357 1340 '’oni
369 1281 489 1352 actuali,
497 1301 559 1339 non
571 1280 733 1358 cognitioni
753 1280 906 1340 habituali.

168 1362 182 1420 l
244 1362 390 1421 vertentia
413 1362 549 1440 sequitur
571 1360 691 1439 regulas
715 1371 745 1420 et
767 1360 955 1421 conditiones
981 1364 1066 1442 igno·

124 1441 237 1509 uncie,
252 1454 283 1501 et
297 1441 452 1513 dividitur,
473 1442 550 1501 sicut
563 1439 737 1519 ignorantia
747 1439 779 1498 in
793 1441 967 1501 vincibilem
977 1454 1011 1503 et
1023 1445 1065 1505 iu·

126 1520 307 1580 vincibilem.

166 1600 421 1674 11.·1nvincihilis,
436 1598 695 1661 seuinvoluntarie
710 1601 757 1660 vel
767 1601 947 1662 antecedens
960 1603 1064 1664 volun-

18 1726 23 1744 ,
119 1678 201 1752 tatia,
214 1700 282 1759 quoe
295 1682 355 1742 dici
368 1682 443 1742 solet
463 1690 481 1716 ‘⁴
490 1680 707 1741 inadvertentia
725 1681 896 1751 naturalis‚''
910 1687 1062 1746 excusati

122 1773 245 1839 peccato
252 1764 264 1835 ς’
276 1764 346 1841 quia
360 1773 461 1822 emeat
474 1761 706 1820 involuntarium
720 1761 909 1840 simpliciter:
926 1763 1000 1834 binc
1012 1766 1060 1825 Pe-

123 1853 187 1901 trus
209 1862 237 1900 v.
258 1862 290 1920 8⁴
315 1845 410 1903 sciens
423 1842 520 1920 legem
530 1841 640 1920 jejunii
654 1851 684 1900 et
703 1841 859 1900 intendens
876 1842 1026 1922 jejunare,
1040 1848 1059 1906 si

121 1919 187 1980 aliis
208 1923 336 2001 negotiis
359 1922 527 1993 diuractus,
555 1941 592 1980 ex
614 1922 746 2003 naturali
771 1921 992 1984 inadvertentia
1005 1945 1057 1986 non

121 2003 255 2080 cogitans
264 2003 303 2061 de
316 2003 366 2062 die
375 2003 483 2082 jejunii
498 2001 567 2061 edat
581 2021 692 2069 carnes,
708 2012 869 2061 excusatur
883 2005 1040 2081 ipeccato.

163 2083 223 2142 III.
241 2084 462 2143 inadvertentia
473 2082 620 2142 vincibilis
634 2082 768 2160 subjacet
785 2094 917 2159 peccato,
932 2085 956 2141 si
971 2106 1055 2163 agens

121 2161 258 2222 debuerit
271 2164 443 2235 advertere;
471 2182 540 2221 nam
562 2161 647 2231 sicut,
665 2162 752 2240 juxta
771 2163 889 2221 axioma
903 2184 1060 2227 commune

57 2289 59 2294 .
121 2240 342 2321 Theologorum
357 2253 387 2302 et
410 2243 645 2312 canonistarum,
661 2242 882 2320 aequiparantur
901 2245 1015 2315 “scire,
1030 2261 1052 2308 et

79 2341 81 2345 ’
120 2331 139 2357 “
151 2342 238 2401 posse
251 2344 286 2382 oc
310 2323 420 2382 debere
434 2324 536 2393 scire,’'
556 2323 599 2380 ita
612 2321 701 2380 etiam
723 2330 742 2356 “
751 2323 916 2394 advertere,
929 2336 959 2383 et
973 2346 1054 2403 posse

120 2409 140 2437 “
150 2423 185 2461 ac
199 2403 307 2463 debere
320 2403 476 2462 advertere
483 2402 510 2475 ;”
533 2402 669 2480 proinde,
691 2402 714 2461 si
730 2402 797 2480 quis
811 2403 1017 2481 imprudenter
1026 2409 1051 2466 in

118 2484 266 2542 consortio
277 2483 391 2542 effutiat
400 2485 526 2542 verbum
540 2484 723 2552 obscoenum,
736 2503 796 2540 non
816 2483 974 2543 advertens
988 2485 1052 2546 inde

116 2564 262 2622 oriturum
277 2564 448 2623 scandalum
461 2583 522 2621 non
535 2563 602 2622 ideo
617 2567 631 2621 i
645 2563 775 2641 peccatis
788 2573 833 2631 est
846 2563 998 2622 immunis.

159 2645 214 2702 IV.
240 2644 461 2703 Inadvertentia
480 2656 590 2713 tamen,
612 2646 636 2702 si
651 2643 764 2702 nonsit
779 2642 921 2713 affectata,
947 2646 1050 2704 minuit

114 2736 269 2802 peccatum
283 2725 360 2784 sicut
373 2723 557 2803 ignorantia;
580 2724 636 2782 imb
658 2734 756 2801 potest
777 2723 814 2781 de
828 2723 944 2783 mortali
959 2725 1051 2784 facer'e

109 2804 237 2864 ¹veniale.

156 2891 204 2943 An
218 2904 289 2962 ergo
297 2885 334 2944 ad
349 2884 532 2963 peccandum
545 2902 606 2942 non
614 2886 777 2962 requiritur
787 2883 886 2962 aliqua
897 2883 1050 2947 adverten-

114 2964 164 3035 tia,
177 2965 334 3036 dubitatio,
349 2964 487 3044 suspicio,
503 2965 550 3022 vel
561 2965 719 3042 scrupulus
733 2964 771 3024 de
784 2963 897 3022 malitia
906 2965 1047 3025 actionis?

155 3046 191 3104 V.
216 3047 249 3104 R.
275 3045 515 3114 Pranotandum,
539 3044 620 3121 qubd
637 3045 694 3108 alia
707 3046 746 3104 sit
759 3045 942 3103 advertentia
956 3056 1046 3104 maten

113 3125 203 3195 rialis,
218 3147 285 3204 qnae
298 3129 409 3184 tantum
429 3137 475 3184 est
500 3124 538 3188 ad
561 3125 659 3182 actum
684 3124 875 3184 materialiter
889 3135 1048 3202 sumptum,

113 3217 147 3264 ut
162 3208 185 3264 si
200 3208 267 3284 quis
277 3207 412 3265 advertat
426 3204 548 3284 quidem
562 3223 592 3263 se
613 3204 767 3263 comedere
782 3224 895 3274 carnes,
918 3203 973 3263 sed
992 3224 1049 3264 non

112 3285 247 3346 advertat
268 3309 331 3346 esse
344 3288 422 3346 diem
441 3284 568 3364 jejunii:
584 3284 642 3342 alia
658 3296 703 3345 est
725 3285 763 3344 ad
778 3296 877 3343 actum
891 3294 921 3343 et
934 3283 974 3342 ad
987 3285 1049 3364 ejus

110 3367 260 3435 malitiam,
276 3380 310 3425 ut
323 3367 394 3425 dum
419 3366 487 3443 quis
507 3363 633 3424 reflectit
647 3385 678 3426 se
692 3365 740 3423 die
764 3364 873 3443 jejunii
896 3363 1048 3426 comedere

18 3466 32 3485 ι
109 3460 211 3506 carnes
222 3460 324 3507 contra
337 3457 530 3525 praeceptum.

148 3529 203 3584 VI.
229 3529 269 3588 2⁰.
294 3529 362 3586 Alia
385 3538 430 3586 est
453 3525 638 3584 advertentia
651 3524 785 3594 actualis,
801 3524 874 3583 dum
889 3522 958 3600 quis
980 3535 1047 3585 actu

104 3619 136 3667 et
149 3609 190 3666 de
202 3609 279 3668 I'acto
292 3607 422 3666 advertit
434 3606 590 3675 actionem,
605 3625 694 3683 quam
716 3605 802 3682 ponit
814 3624 878 3664 esse
892 3602 1045 3676 illicitam

100 3689 161 3748 alie
180 3687 322 3759 virtualis,
338 3709 405 3766 quae
419 3687 507 3746 etiam
521 3685 746 3764 interpretativa
759 3683 965 3756 dicitur‚.dum
980 3685 1045 3765 quis

99 3782 171 3829 actu
186 3767 305 3847 quidem
319 3789 379 3827 non
393 3766 522 3826 advertit
537 3765 690 3836 malitiam,
703 3765 757 3824 sed
768 3765 953 3844 advertisset,
967 3768 995 3825 'ai
1009 3784 1046 3825 ex

92 3839 240 3930 culpabili
255 3848 443 3932 negligentia
456 3844 650 3910 attentionem
661 3845 716 3906 alib
731 3865 793 3904 non
806 3844 986 3919 divertisset.
