2160 4072
409 45 456 89 nn
472 46 636 93 aucuns.
865 106 890 113 Η
937 39 996 89 111

73 192 154 255 vll.
164 189 331 255 Concludit
342 191 373 253 S.
383 191 493 254 Thom.
504 203 612 272 quaest.
623 199 691 253 104.
703 199 758 253 art.
770 197 799 251 4.
810 188 858 248 ad.
867 200 897 253 ἲ.
908 193 990 268 quid

45 268 193 339 bmones
205 272 292 333 nullo
305 271 395 331 modo
402 274 518 334 efficere
527 274 643 351 possint
652 272 718 332 illas
728 273 989 332 transmutationes

45 370 214 431 mrporum,
241 373 308 431 quae
336 352 478 413 virtutem
504 354 672 415 naturalem
692 351 843 413 excedunt
853 376 863 424 ;
887 353 990 431 quales

94 444 151 493 tv.
163 453 199 511 g.
213 452 323 512 corpus
335 432 464 494 hominis
484 444 603 494 mutare
625 434 658 494 iu
686 452 795 511 corpus
820 435 922 503 bruti;
945 435 990 492 vi-

98 524 150 573 tur
164 513 291 592 quidem
305 513 413 573 similia
426 514 533 587 facere,
558 514 611 573 sed
627 514 773 582 illusorie,
795 513 919 584 scilicet,
940 516 989 573 vel

135 594 202 653 ndo
214 592 324 653 similia
338 613 464 672 corpora
474 616 512 654 ex
525 600 592 655 aere
604 594 796 664 condensato,
812 594 861 652 vel
872 596 990 671 corpori

154 696 173 733 o
188 674 279 733 alium
291 674 420 734 formam
435 675 699 753 circumponendo,
723 673 772 732 vel
785 673 908 734 aliunde
921 675 990 734 illas

108 754 115 767 '
178 754 368 826 adducendo,
396 755 445 814 vel
471 755 602 833 denique
621 755 776 816 efficiendo
803 754 835 812 in
858 754 990 815 hominis

45 832 207 913 'immite
217 834 367 895 utsimiles
376 835 993 916 speciesejusoculisapparerevideantur..

45 1036 62 1145 fl
76 1042 112 1102 N.
131 1053 185 1115 79.
230 1046 287 1105 DE
308 1044 423 1108 Loco
445 1048 501 1107 ΕΤ
522 1047 650 1108 MOTU
671 1045 960 1108 ANGELORUM.

304 1228 337 1287 S.
355 1226 453 1289 Thon.
466 1237 565 1308 quoest.
579 1236 618 1292 52
633 1232 660 1293 tr
675 1238 725 1291 53.

45 1366 192 1465 Megala·
210 1382 333 1447 suut-iss
358 1384 416 1445 loco
439 1385 594 1462 rl'efins'tiai.
652 1387 694 1448 11.
724 1382 851 1464 Angelus
875 1394 991 1443 nonest

51 1514 65 1553 ³,
84 1463 189 1555 sblpuea
222 1462 292 1524 lll.
317 1468 384 1527 Non
409 1474 499 1545 polest
522 1485 582 1526 esse
607 1458 831 1527 naturalitatis
857 1463 988 1542 plurilus

49 1542 156 1631 glocca
200 1542 257 1605 lv.
289 1544 385 1603 Potest
402 1548 506 1605 moveri
529 1546 663 1606 matter.
705 1546 742 1605 V.
771 1544 837 1603 Non
852 1554 946 1600 tamen
960 1545 991 1601 iu

45 1688 63 1703 ψ
85 1622 207 1709 inclaruit
242 1622 298 1684 Vl.
310 1620 438 1707 Moretur
451 1622 577 1685 localiter
590 1626 762 1686 transeundo
770 1641 826 1703 per
833 1620 967 1681 medium.

45 1736 63 1815 Ι
86 1784 138 1844 AN
152 1784 266 1864 Angeli
281 1794 351 1844 sunt
362 1784 394 1843 in
404 1785 490 1846 loco?
639 1826 643 1832 -

87 1864 108 1923 l.
121 1866 155 1924 R.
179 1867 259 1927 Sunt
279 1867 311 1924 in
333 1864 399 1925 loco
423 1866 574 1927 definitive
585 1890 596 1939 ;
618 1866 690 1945 quia
706 1875 777 1925 sunt
797 1863 853 1923 toti
873 1863 904 1920 in
920 1875 987 1922 toto

45 1906 118 2339 F
130 1957 163 2006 et
172 1946 272 2006 totiiri
283 1944 413 2023 singulis'
419 1948 568 2025 partibus,
580 1946 622 2006 sic
633 1957 669 2004 ut
677 1947 745 2005 loco
759 1943 986 2004 concludantur

76 2023 123 2097 ΙΙΙΙ.
136 2024 216 2086 Cum
230 2027 397 2086 substantia
407 2037 438 2086 et
451 2028 547 2086 virtus
568 2027 755 2104 Angelorum
772 2025 810 2083 sit
820 2024 913 2092 finita,
925 2043 986 2080 non

113 2116 165 2165 unt
187 2126 253 2166 esse
267 2106 391 2184 ubique,
414 2108 467 2167 sed
490 2108 620 2186 quilibet
639 2106 866 2165 determinatam
892 2103 997 2163 habet

57 2183 186 2261 qtlreram
200 2187 370 2258 actiuitatis,
379 2188 443 2246 sive
456 2188 513 2248 lo'ci
524 2186 713 2247 latitudinem
723 2187 788 2264 ejus
801 2185 905 2244 virtuti
921 2205 972 2243 cor
982 2222 996 2234 -

58 2266 279 2343 respondentem,
286 2269 421 2345 superior
430 2269 583 2347 majorem,
594 2267 717 2327 inferior
729 2267 871 2325 minorem
883 2289 893 2336 ;
905 2277 936 2324 et
948 2265 972 2324 it
980 2288 998 2324 a

59 2360 114 2423 ug.
127 2347 153 2405 si
167 2347 425 2427 spliaeraulicujus
439 2349 549 2426 Angeli
564 2356 752 2427 supponatur
764 2346 815 2405 hic
826 2344 923 2405 locus.
939 2347 995 2403 val

59 2418 108 2485 lna
118 2427 233 2499 civitas,
246 2428 359 2505 poterit
368 2428 401 2486 iu
419 2428 567 2488 distinctis
580 2430 639 2488 loci
652 2428 735 2488 illius
748 2425 989 2487 extremitatibus

58 2502 168 2567 electus
179 2508 360 2586 producere.

88 2585 142 2646 lll.
158 2589 229 2647 Non
243 2598 343 2668 potest
358 2589 498 2667 Angelus
509 2590 685 2649 naturaliter
707 2608 772 2647 esse
793 2586 826 2655 in
848 2584 991 2664 pluribus

59 2658 115 2725 locis
127 2668 227 2740 simul,
240 2689 309 2747 quse
322 2670 474 2729 excedunt
487 2680 582 2730 totam
596 2671 661 2750 ejus
682 2669 841 2748 sphaeram,
863 2665 936 2724 licit
959 2666 991 2725 id

60 2738 106 2805 tari
116 2748 214 2825 possit
233 2746 515 2827 supernaturaliter:
541 2746 642 2829 potcs't
653 2744 755 2808 tamen
771 2747 911 2826 Angelus
925 2765 992 2804 esse

60 2818 199 2887 luminari
212 2829 290 2900 loco,
304 2829 396 2908 quim
415 2841 462 2890 est
474 2831 539 2909 ejus
553 2832 681 2910 sphoera,
695 2831 755 2888 imo
768 2838 945 2909 potestesse
960 2825 992 2883 in

59 2898 107 2964 hm
119 2908 305 2979 indivisibili,
320 2920 396 2988 puta
406 2911 437 2968 in
451 2923 574 2988 puncto.

85 2989 218 3067 Angelus
231 3001 331 3068 potest
344 2991 388 3048 sic
411 2991 521 3051 habere
542 2991 639 3050 locum
660 3010 747 3050 suum
764 2991 794 3049 in
809 2989 924 3069 pariete
938 2998 992 3043 aut

60 3060 152 3143 lapide,
165 3090 301 3149 eumque
315 3081 472 3148 penetrare
493 3082 523 3130 et
536 3073 718 3150 pertransire
727 3095 737 3143 ;
763 3073 834 3148 quia
857 3066 992 3144 Angelus

58 3157 88 3203 ut
98 3160 178 3208 extra
191 3170 290 3228 genus
304 3151 480 3228 quantitatis
491 3152 663 3223 materialis,
689 3153 793 3230 sicque
818 3170 878 3209 non
893 3147 991 3221 impe-

58 3222 122 3317 llitur
134 3249 192 3289 nec
203 3230 350 3289 dividitur
363 3251 418 3310 per
432 3232 597 3291 materialia
608 3252 743 3310 corpora,
765 3231 855 3290 sicuti
867 3244 923 3286 nos
936 3245 988 3283 co·

56 3308 234 3379 mationibus
245 3311 356 3369 nostris
368 3323 561 3389 penetramus
574 3313 703 3391 parietes
717 3323 748 3371 et
760 3329 910 3370 carceres-

82 3390 129 3447 An
142 3390 258 3468 Angeli
272 3402 399 3469 possunt
411 3393 527 3452 moveri
541 3393 699 3453 localiter?

82 3466 134 3528 Ν.
149 3472 187 3530 ll.
200 3471 391 3531 Affirmativa
398 3494 408 3544 3
435 3483 521 3550 patet
543 3494 581 3533 ex
609 3473 721 3532 Matth.
746 3491 803 3549 cap
836 3477 887 3531 28.
908 3489 938 3530 v.
961 3483 990 3532 Q.

57 3550 212 3629 “Angelus
227 3551 352 3611 Domini
365 3550 522 3612 descendit
542 3553 582 3612 de
602 3554 678 3612 coelo
686 3557 715 3626 ;”
737 3553 883 3631 probatur
896 3553 988 3611 etiam

58 3642 82 3685 tr
91 3648 134 3700 ao,
147 3630 232 3709 quod
243 3631 382 3709 Angelus
401 3651 463 3690 non
483 3634 522 3692 sit
542 3633 656 3713 ubique
666 3657 675 3708 3
694 3635 759 3715 jam
771 3643 874 3693 autem
884 3644 992 3712 potest

56 3702 227 3769 livarsaloca
235 3712 401 3769 successful
407 3716 604 3794 contingerc;
615 3714 1011 3800 ergomoueturlocal'uer.

70 3789 115 3841 An
125 3786 268 3863 Angelus
277 3800 421 3851 movetur
430 3792 465 3852 in
476 3795 635 3866 instanti?

469 3878 544 3943 Le
