2160 4072
403 109 450 157 nu
472 111 646 157 caecaris.
929 90 992 153 301

53 257 176 317 tituant
186 264 285 315 motus
294 257 406 317 unum
416 257 575 316 voluntarii
587 257 619 315 in
639 258 736 327 causa,
747 256 820 315 dum
831 256 898 334 ipsa
907 275 995 315 causa

53 349 89 400 nt
101 338 239 416 perfecti
251 338 439 409 voluntaria3
452 340 527 415 putd
545 337 654 415 aliquis
667 339 814 415 praevidet
827 358 864 395 ex
879 337 992 396 vanilo-

53 419 129 497 mio,
145 419 266 477 curioso
278 430 410 496 aspectu,
424 430 476 477 aut
489 419 587 476 inutili
602 420 727 476 lectione
740 420 819 486 libri,
843 430 996 477 secuturos

53 510 146 565 notus
159 499 363 558 inordinatos:
385 521 424 558 an
443 498 511 557 talis
532 500 697 556 voluntarie
713 511 743 558 et
763 499 925 557 deliberati
939 519 994 576 po-

53 596 121 639 una
134 599 229 639 unam
245 600 282 638 ex
296 580 343 638 his
356 579 453 639 causis
468 580 514 637 vel
529 579 685 649 similibus,
700 591 799 657 potest
820 580 954 639 excusari
980 583 996 638 l

53 671 172 723 nocato
186 660 313 730 mortali,
328 661 352 718 si
366 672 463 719 motus
476 661 533 736 ipsi
548 660 737 736 displiceant,
752 662 855 739 eisque
868 661 995 731 resistat,

53 758 80 801 tc
93 741 177 799 desit
189 741 355 818 periculum
370 743 553 799 consensus?
983 767 986 778 ¹

86 821 152 880 111.
170 823 205 879 R.
218 821 350 880 Sanchea
366 822 419 879 lib.
439 831 468 890 9.
494 823 562 880 “de
584 820 802 880 Matrimonio”
818 818 930 899 disput.
946 830 995 880 45.

53 905 105 961 ati
120 902 247 960 discutit
261 902 338 960 hanc
351 904 554 978 quaestionem,
575 912 687 979 etpost
705 903 830 961 aliorum
845 903 998 980 opiniones

53 983 218 1060 propositas
238 983 376 1058 opinatur
399 1003 467 1043 cum
488 982 600 1052 multis,
622 995 721 1040 motus
741 985 812 1042 istos
832 984 998 1041 excusaris

53 1063 178 1132 mortali,
195 1063 267 1120 dum
282 1083 369 1121 causa
383 1076 428 1123 est
439 1063 535 1120 solum
552 1062 705 1120 venialiter
721 1064 806 1133 mala,
819 1077 852 1123 ut
860 1066 884 1122 si
899 1076 998 1123 motus

53 1155 217 1221 sequantur
231 1163 267 1200 ex
285 1144 457 1221 vaniloquio
477 1162 536 1201 non
551 1143 643 1220 turpi,
659 1145 718 1201 levi
732 1164 852 1203 excessu
867 1146 898 1201 in
913 1159 997 1222 potu,

53 1237 174 1302 nspectu
188 1235 241 1282 aut
254 1223 380 1282 lectione
395 1226 520 1296 curiosa,
535 1244 595 1280 non
609 1236 709 1282 tamen
723 1226 890 1282 libidinosa.

89 1306 145 1362 IV.
175 1304 239 1362 Alii
262 1315 379 1382 putant,
409 1316 508 1363 motus
530 1307 601 1363 istos
621 1325 737 1382 semper
757 1326 821 1363 esse
842 1318 999 1382 peccatum

53 1385 186 1452 mortale,
202 1385 304 1443 saltem
320 1386 392 1443 dum
407 1396 477 1444 sunt
487 1405 604 1463 graves,
618 1385 681 1442 nixi
697 1387 774 1443 inter
795 1387 851 1443 alia
875 1386 932 1444 hoc
953 1408 998 1444 ar-

53 1477 196 1543 gomento
206 1484 266 1522 non
282 1466 518 1538 contemnend03
533 1466 655 1524 effectus
668 1467 761 1524 malus
776 1467 807 1524 in
823 1486 908 1524 causa
923 1470 997 1544 praa-

53 1544 133 1604 sisns
155 1547 356 1604 communicat
379 1567 474 1605 causae
496 1567 579 1604 suam
600 1546 753 1617 malitiam,
769 1547 840 1605 dum
854 1566 915 1603 non
930 1568 1000 1605 con-

53 1627 145 1684 currit
156 1628 240 1705 justa
253 1629 329 1686 ratio
339 1628 470 1704 ponendi
482 1646 599 1685 causam
611 1651 618 1686 ε
636 1638 666 1684 et
674 1628 715 1685 ita
726 1630 749 1686 si
759 1629 825 1707 quis
836 1629 1000 1705 provideat

53 1726 88 1765 nx
101 1708 276 1784 vaniloquio
290 1708 339 1765 vel
349 1708 502 1766 mendacio
514 1718 685 1766 secuturum
696 1708 901 1777 homicidium,
914 1717 938 1768 si
950 1711 1000 1768 ille

53 1786 247 1855 nihilominus
261 1787 334 1847 velit
347 1789 507 1846 deliberate
521 1788 650 1855 mentiri,
663 1802 767 1865 peccat
781 1789 954 1860 mortaliter,
970 1802 1000 1849 et

53 1864 87 1927 stt
99 1887 169 1927 reus
182 1869 337 1927 homicidii
349 1893 357 1941 ;
373 1889 442 1926 nam
453 1869 529 1927 illud
543 1868 738 1926 homicidium
753 1890 813 1928 non
827 1881 926 1945 potest
940 1871 998 1929 dici

53 1949 169 2007 veniale
192 1970 229 2007 ex
255 1952 401 2028 parvitate
425 1949 566 2019 materiae‚
588 1969 685 2025 neque
701 1970 736 2007 ex
751 1950 998 2008 indeliberatione

53 2028 151 2100 sutrim
176 2050 258 2106 ergo,
272 2041 328 2088 etc.

53 2136 60 2143 ·
94 2110 132 2167 V.
154 2113 192 2170 In
211 2131 245 2168 re
268 2111 356 2169 valde
370 2113 495 2170 obscura
509 2110 627 2167 videtur
641 2120 769 2186 utraque
783 2111 928 2168 sententia
942 2112 998 2172 hoc

58 2190 145 2249 modo
158 2193 318 2269 temperari
331 2213 427 2270 posse,
450 2191 562 2250 scilicet
577 2192 600 2248 si
615 2210 702 2248 causa
716 2191 753 2247 sit
768 2192 859 2248 solum
876 2193 997 2250 veniali-

62 2278 103 2327 ter
115 2272 201 2341 mala,
214 2292 270 2330 nec
281 2272 322 2331 ita
336 2273 504 2350 propinqua
519 2272 557 2329 sit
571 2291 659 2329 causa
672 2282 818 2342 motuum,
833 2292 931 2350 neque
945 2294 1000 2350 per

55 2368 92 2409 κ
101 2353 228 2411 tendens
241 2353 278 2410 ad
296 2353 452 2423 luxuriam,
474 2373 508 2411 ac
523 2353 645 2428 insuper
665 2354 688 2409 si
703 2365 801 2409 motus
815 2372 875 2409 non
887 2353 944 2411 sint
958 2354 1000 2411 ita

59 2448 172 2507 mves,
188 2446 223 2492 ut
236 2445 357 2491 causent
366 2433 561 2510 pollutionem
574 2433 621 2489 vel
632 2433 809 2510 proximdad
824 2452 888 2490 earn
900 2433 1000 2510 dispo.

60 2523 138 2579 urant,
153 2525 225 2572 tunc
239 2525 338 2572 motus
351 2515 418 2572 illos
432 2533 491 2571 non
506 2512 651 2571 excedere
672 2513 788 2588 culpam
804 2513 959 2571 venialem.

60 2610 76 2645 ····
100 2594 184 2652 Ratio
197 2594 288 2671 hujus
299 2594 486 2653 resolutionis
501 2604 554 2661 est,
570 2592 651 2669 quhd
661 2612 722 2649 non
733 2592 871 2650 videatur
882 2594 923 2650 ita
932 2592 1000 2671 'gra-

67 2671 105 2730 via
121 2673 264 2752 obligatio
291 2675 321 2731 in
343 2675 399 2733 hac
420 2675 490 2742 vita,
512 2694 579 2751 quae
599 2683 644 2730 est
662 2673 876 2731 tentationibus
902 2674 1000 2751 plena,

53 2750 170 2812 nitendi
185 2755 258 2813 tales
273 2755 393 2814 effectus
417 2775 454 2812 ex
474 2756 526 2812 tali
547 2773 635 2812 causa
649 2766 764 2811 secutos
779 2764 808 2810 et
822 2754 941 2813 aliunde
955 2757 1001 2813 in-

58 2833 261 2907 ..tolnntarios3
283 2838 353 2912 quia
367 2837 413 2893 hae
427 2846 562 2893 motuum
578 2854 673 2892 causae
687 2854 747 2890 uon
762 2834 817 2892 nisi
831 2835 1000 2896 difficillime

66 2912 144 2973 rimi
157 2928 288 2993 possunt
300 2916 389 2975 etiam
404 2919 419 2973 ὲ
433 2916 597 2974 timoratis:
619 2916 693 2972 adeo
707 2927 739 2972 ut
753 2916 890 2973 honestas
905 2928 935 2975 et
948 2938 1000 2976 ne·
1070 2932 1075 2941 ·

58 2996 174 3056 onius
195 2997 392 3054 conversandi
411 2998 441 3054 in
463 2996 520 3054 hoc
534 2996 647 3053 mundo
661 3016 695 3054 ac
706 3006 799 3053 status
811 2997 881 3063 vitae
894 3011 1001 3056 nostrae

53 3068 236 3149 ,dsfemuoao
252 3077 310 3135 sint
324 3078 362 3134 ad
376 3079 468 3135 instar
479 3077 568 3153 justae
582 3095 686 3147 causae,
702 3077 896 3154 aliquirusque
905 3079 1000 3154 negli-

53 3157 146 3229 ,ssndi
166 3157 279 3215 similes
299 3169 406 3226 motus,
428 3178 462 3217 ac
482 3157 557 3214 adeo
577 3168 639 3215 tota
663 3158 773 3217 malitia
787 3157 906 3216 effectis
930 3158 1001 3215 mali

53 3242 150 3297 ''Rusae
164 3258 226 3295 non
240 3239 484 3296 communicetur.

53 3344 69 3391 :¹
97 3318 202 3377 Simile
229 3318 304 3395 quid
325 3330 373 3383 ,est
393 3319 425 3376 in
452 3329 530 3376 statu
557 3318 777 3388 matrimoniali,
799 3319 850 3395 qui
865 3318 1001 3376 honestat

53 3400 201 3467 'quosdam
215 3410 314 3457 motus
328 3399 468 3468 carnales,
494 3408 528 3456 ut
546 3418 607 3454 non
631 3399 689 3457 sint
704 3400 851 3468 mortales,
874 3401 1002 3476 seposito

60 3479 230 3545 iillhtionis
242 3480 386 3556 periculo.

57 3576 62 3599 ³
92 3561 145 3621 Ad
164 3558 396 3618 fundamentum
423 3559 577 3630 sententiae
602 3557 733 3616 secundo
753 3558 819 3617 loco
843 3562 1002 3638 propositae

53 3626 114 3717 *lici
124 3651 239 3719 potest,
254 3651 346 3698 totam
360 3639 503 3698 malitiam
524 3638 644 3697 effectis
665 3639 735 3697 mali
756 3659 816 3696 non
838 3644 1002 3699 communi-

53 3723 115 3780 hri
128 3741 243 3787 cansa,
254 3720 324 3777 dum
339 3721 450 3780 adsunt
461 3722 602 3792 rationes,
610 3740 722 3799 nempe
731 3721 873 3800 ponendi
885 3741 1026 3789 causum,

53 3786 107 3852 ‘erc
119 3799 305 3863 sufficientes,
314 3800 354 3857 ab
369 3803 583 3862 excusandum
599 3805 638 3865 ab
653 3804 744 3864 omni
752 3815 897 3885 peccato·

71 3871 175 3931 Tracl.
194 3876 233 3931 de'
243 3877 389 3939 Peccaltit.
493 3895 514 3947 2
540 3906 562 3945 1)
