2152 4066
62 101 129 165 att
440 119 641 167 mactatus

68 268 223 336 nominet
247 268 275 326 S.
302 266 409 326 Thom.
433 279 557 327 vocotus
584 268 886 347 “concupiscentia’'
911 283 1007 349 estque

72 349 157 426 quasi
170 347 321 406 materiale
335 348 449 425 peccati
465 349 627 426 originalis.
670 349 676 361 “

111 429 154 486 ll.
170 429 439 504 ltaquematerialc
451 431 565 507 peccati
577 430 730 508 originalis
741 429 855 490 dicitur
869 451 935 498 esse
949 451 1009 489 con-

69 507 251 585 cupiscentia
269 508 601 586 habitualis'generatim
613 522 740 588 sumpta,
756 531 824 589 quae
840 512 976 571 consistit
983 511 1008 568 in

69 588 288 647 inordinatione
301 590 433 647 omnium
446 591 646 667 potentiarum
659 592 775 660 animae,
788 603 856 650 orta
867 611 904 649 ex
919 592 1009 668 priva·

69 669 150 729 tione
161 668 285 747 justitioe
298 669 455 747 originalis
470 671 568 748 quoad
584 671 658 729 duas
677 672 798 730 ultimas
822 684 936 750 partes,
959 672 1007 751 qui

71 748 149 807 vires
162 749 318 808 inferiores
332 749 568 829 subjiciebantur
581 752 697 821 rationi,
721 763 751 810 et
765 770 877 829 corpus
892 753 1007 824 anima,-

71 836 129 906 qut
150 829 274 900 sublata,
300 832 378 888 vires
398 831 503 888 animae
518 832 581 889 sine
594 831 687 890 fraeno
700 831 841 890 feruntur
855 832 886 889 in
901 832 1003 908 objecta

72 922 155 968 extra
168 909 278 968 limites
294 911 424 969 rationis.

111 992 182 1064 Quo
196 1009 283 1051 sensu
296 992 535 1068 eoncupiscentia
543 992 652 1051 dicitur
662 992 815 1052 materiale
828 991 946 1070 peccati
957 993 1000 1052 on'·

93 1071 203 1130 inalis?

71 1093 93 1149 g
114 1152 153 1210 u:
169 1151 334 1229 lmproprit
344 1151 449 1221 etlate,
465 1152 607 1228 qnatenlrs
621 1150 742 1212 effectus
756 1153 834 1212 solet
849 1157 999 1241 comparari

72 1233 111 1290 ad
125 1251 206 1289 suam
220 1250 348 1300 causam,
365 1241 398 1289 ut
407 1232 558 1291 materiale
571 1233 608 1290 ad
622 1233 763 1291 formale:
778 1253 816 1292 ex
832 1232 924 1291 dictis
939 1234 1000 1295 enin

72 1310 310 1389 concupiscentia
320 1323 456 1389 tanquam
465 1311 588 1370 effectus
596 1332 633 1370 cx
643 1314 809 1390 privatione
820 1312 947 1391 justitia
954 1315 998 1372 ori·

72 1392 180 1471 ginalis
193 1390 292 1467 quoad
305 1391 432 1469 primam
446 1391 660 1470 subjectionem
672 1396 830 1451 subsecuta
844 1404 899 1450 est.

114 1472 185 1549 Obj.
213 1473 249 1529 ln
273 1472 425 1549 Baptismo
445 1471 562 1530 deletur
575 1483 669 1529 totum
684 1485 840 1550 peccatum
854 1472 1000 1551 originale:

74 1553 156 1629 atqui
166 1565 264 1610 tamen
272 1572 333 1609 non
343 1552 510 1610 restituitur
517 1553 633 1631 justitia
642 1553 803 1630 originalis:
816 1572 890 1629 ergo
899 1554 929 1611 in
939 1553 1004 1613 illim

74 1632 241 1710 privatione
263 1651 324 1690 non
350 1643 449 1710 potest
472 1632 613 1691 constitui
634 1631 758 1693 formale
781 1632 878 1712 ipsius
905 1636 1003 1717 peccati

78 1713 238 1790 originalis.

118 1794 152 1851 R.
168 1794 218 1851 Ad
232 1793 298 1862 hoc,
309 1793 383 1853 utin
396 1793 549 1871 baptismo
562 1793 697 1855 deleatur
710 1804 820 1860 totum,
835 1794 919 1871 quod
931 1795 1008 1854 habet

78 1874 221 1932 rationem
234 1876 358 1951 peccati,
368 1873 575 1950 sullicit,qubd
586 1876 757 1935 restituatur
764 1894 776 1952 J
781 1873 883 1932 ustitia
892 1875 1007 1955 origina-

77 1954 114 2012 lis
128 1954 226 2029 quoad
240 1965 352 2030 partem
362 1954 558 2031 principalem
570 1974 620 2014 seu
631 1955 760 2032 gratium
775 1954 1008 2025 sanctificantem

76 2045 172 2093 totum
188 2035 266 2090 enim
281 2035 361 2110 quod
374 2034 465 2091 habet
477 2035 620 2092 rationem
635 2035 758 2112 peccati,
778 2035 900 2111 propria
924 2036 953 2092 in
969 2035 1009 2094 illa

77 2114 243 2192 privatione
258 2115 391 2172 consistit
398 2138 407 2185 ;
430 2115 509 2172 unde
522 2114 592 2173 licit
602 2136 662 2173 non
676 2115 819 2173 reddatur
830 2115 950 2192 justitia
963 2118 1009 2174 ori·

77 2194 185 2272 ginalis
199 2194 297 2271 quoad
307 2193 382 2253 duas
395 2194 514 2253 ultimas
529 2205 636 2273 partes,
647 2197 690 2254 nil
703 2197 776 2253 facit
784 2218 793 2265 3
809 2195 881 2270 quia
895 2195 1009 2254 illaenon

80 2274 270 2333 continebant
283 2274 392 2334 directe
407 2275 512 2333 animae
533 2277 726 2343 sanctitatem,
752 2274 804 2332 sed
827 2287 915 2332 erant
936 2277 1009 2353 quasi

80 2355 200 2414 effectus
214 2366 444 2432 consequentes:
466 2354 537 2412 hinc
551 2357 797 2432 concupiscentia,
809 2375 877 2430 quae
891 2368 1009 2414 remanet

78 2446 146 2514 post
162 2435 345 2512 Baptismum
356 2437 386 2493 in
400 2435 519 2504 renatis,
529 2435 775 2514 nonestampliiis
789 2436 943 2494 materiale
952 2456 1009 2513 pec·

80 2516 136 2574 cati
152 2515 312 2592 originalis,
334 2515 401 2573 crim
425 2535 485 2572 non
507 2516 632 2594 amplius
654 2516 795 2573 coexistat
816 2536 873 2574 suo
896 2517 1009 2587 formali,

80 2597 254 2672 desinatque
268 2615 329 2653 esse
346 2595 531 2667 voluntaria3
547 2595 598 2654 sed
613 2608 657 2653 est
670 2595 701 2651 in
715 2596 774 2652 illis
790 2596 927 2672 quaedam
936 2597 1009 2654 mise·

80 2677 124 2734 ria
133 2695 167 2733 ac
181 2687 295 2733 naturae
308 2674 451 2744 defectuS,
467 2678 510 2734 uti
526 2686 595 2734 sunt
608 2677 658 2733 alii
670 2677 754 2753 pravi
768 2675 900 2745 babitus,
911 2676 962 2753 qui
976 2697 1009 2735 re·

80 2767 201 2814 manent
212 2758 241 2813 in
252 2755 421 2832 justificatis
431 2776 485 2834 per
500 2758 722 2815 Sacramentum
735 2756 931 2814 Poenitentiae.

102 2832 104 2837 ’
124 2838 194 2894 lnst.
209 2837 317 2894 Saltem
329 2837 472 2914 sequitur,
483 2837 572 2913 qood,
582 2838 634 2915 qui
645 2845 712 2913 post
723 2835 911 2912 Baptismum
922 2848 1009 2913 peccat

80 2917 251 2984 mortaliter,
267 2916 415 2975 relabatur
429 2916 460 2972 in
473 2929 629 2994 peccatum
648 2916 802 2992 originale,
823 2917 896 2974 crim
916 2917 1009 2977 iterun

79 2997 215 3075 privetur
228 2996 323 3073 gratie
337 2997 545 3056 sanctificante.

124 3077 157 3134 R.
170 3079 200 3150 N
202 3096 247 3152 eg.
262 3079 431 3153 sequelam:
445 3077 583 3154 quianon
594 3094 789 3153 quaecumque
800 3076 905 3152 gratiae
918 3077 1009 3134 sancti·

82 3157 328 3234 ficantisprivatio
337 3156 1008 3234 constituitformalepeccatioriginalissedilla

81 3238 207 3306 tanturn,
223 3257 288 3314 quae
301 3239 396 3297 oritur
409 3257 446 3294 ex
455 3249 578 3314 peccato
592 3236 711 3306 Adami‚
726 3246 756 3294 et
769 3256 823 3312 per
837 3237 978 3312 originem
987 3236 1008 3294 in

81 3338 135 3375 nos
149 3318 319 3377 derivatur:
336 3319 425 3376 debet
438 3317 537 3395 itaque
552 3318 607 3375 ista
619 3317 746 3394 privatio
761 3316 941 3374 considerari
954 3335 1008 3373 cum

82 3397 224 3455 relatione
238 3398 373 3456 adanam
389 3417 517 3468 causam,
531 3410 687 3474 peccatum
700 3416 807 3475 nempe
823 3397 944 3455 Adami.

81 3559 122 3616 N.
134 3566 201 3616 140.
220 3560 277 3616 DE
289 3559 341 3617 EF
345 3561 368 3617 F
372 3556 552 3618 ECTIBUS
567 3557 744 3618 PECCATI
756 3556 1009 3619 ORlGlNALlS.

71 3721 97 3778 1.
115 3719 249 3799 Efficias
262 3719 373 3802 peccati
386 3718 552 3800 originalis.
588 3719 639 3776 ll.
668 3716 776 3774 Aruina
796 3716 925 3773 sama.
961 3713 1009 3801 til

105 3804 187 3863 dicat
214 3814 371 3886 quotuor:
415 3805 474 3864 N.
507 3799 621 3878 Nempe
643 3791 824 3874 ignorastis,
855 3792 905 3846 bl,
920 3789 1009 3849 utana
