2152 4066
65 108 132 176 aaa
443 126 644 170 ueteranus

106 273 232 332 Interim
254 272 366 350 vulgas
384 271 567 350 quandoque
587 270 789 351 apprehendit
810 272 844 330 in
869 270 1003 335 similibus

65 355 183 415 casibus
197 353 284 431 plura
298 364 428 431 peccata,
456 366 491 411 ut
504 364 587 430 patet
610 372 647 410 ex
660 353 762 411 verbis
775 353 921 431 ipsorum,
942 353 1001 413 dun

67 436 172 493 dicunt
185 454 249 492 esse
259 433 372 511 duplex
387 435 520 503 Festum,
540 433 654 511 duplex
671 433 833 512 jejunium,
863 443 919 490 etc.
934 435 1003 493 unde

68 515 174 572 merito
189 514 319 592 desuper
340 513 571 590 interrogantur.

108 596 198 653 Recte
212 595 301 653 etiam
314 595 499 652 confessione
511 597 525 651 i
536 594 639 671 pueris
651 594 824 671 inquiritur,
846 610 886 651 an
897 594 1006 670 utrique

68 675 186 750 parenti
195 674 400 733 inobedientes
414 675 535 744 fuerint,
548 674 618 734 licet
630 675 662 731 in
673 675 777 732 eadem
788 673 934 732 materia:
947 693 1006 733 nara

69 755 211 813 accedere
233 755 307 814 solet
320 755 443 813 offensio
462 754 627 832 personalis
638 756 805 833 utriusque,
836 764 868 813 et
890 754 1007 815 subinde

56 831 158 892 ‘etiam
172 837 344 911 provocatio
357 836 396 893 ad
410 838 492 894 iram.

110 916 161 972 An
174 917 454 975 Franciscanusnon
462 934 583 974 servans
592 915 739 994 jejunium
754 915 832 973 ferit
846 920 930 973 sextil
945 934 1006 992 qaa-

69 1004 137 1052 tuor
152 997 334 1073 Temporum
343 996 455 1072 duplex
469 1007 625 1073 peccatum
639 997 814 1067 committat,
824 994 1006 1073 disputatur3

68 1087 179 1151 negant
191 1077 307 1135 [derina
322 1087 352 1134 et
367 1078 478 1135 Henno
491 1076 612 1152 :plures
625 1077 778 1146 affimant,
794 1077 868 1154 quia
881 1074 1009 1135 Francis-

70 1174 161 1213 cauus
172 1156 201 1212 vi
216 1157 277 1214 voti
297 1167 417 1215 tenetur
430 1157 555 1233 singulis
569 1157 651 1215 seriis
673 1157 763 1215 sextis
782 1158 822 1214 ad
847 1155 1016 1234 jejunium·

69 1234 204 1312 adeoque
218 1237 291 1297 feria
299 1240 378 1295 sexta
390 1248 518 1315 quatuor
530 1238 714 1315 Temporum
727 1237 803 1295 illud
811 1254 874 1294 non
886 1256 1000 1313 emaus,

71 1334 132 1452 norlr
146 1318 259 1374 tantum
273 1330 378 1395 peccet
390 1330 493 1376 contra
504 1320 738 1396 temperantiam,
752 1318 804 1376 sed
815 1319 906 1376 edam
916 1328 998 1381 contu

74 1396 118 1452 Re
131 1395 273 1473 igionem.

73 1557 112 1614 N.
127 1565 177 1627 94.
200 1557 257 1616 DE
278 1558 849 1700 DISTINffldldellerUMERICA
871 1558 994 1621 PECCA.

72 1796 97 1859 Ι.
120 1797 242 1857 Peccata
256 1797 313 1857 solo
326 1800 676 1879 numerodictingnnntur:
702 1800 743 1858 11.
757 1798 795 1856 1⁰.
811 1798 846 1856 St
858 1797 916 1857 sint
923 1797 998 1873 ptam
1011 1794 1016 1869 l

110 1885 191 1934 aetus
204 1896 257 1936 non
272 1878 462 1938 coalescentes.
503 1879 563 1938 111.
583 1880 633 1938 Vel
644 1879 700 1937 sint
725 1878 812 1956 plara
837 1878 942 1954 offecto
959 1872 1016 1963 noa}

111 1955 302 2016 coalescentia.

113 2116 313 2188 QUAENAM
337 2128 459 2196 peccata
486 2116 627 2178 dicuntur
641 2117 718 2174 inter
733 2137 764 2174 se
785 2115 933 2193 distingui
955 2116 1003 2174 solo

76 2202 223 2255 numero?

117 2277 140 2334 Ι.
158 2279 192 2336 R.
209 2279 261 2347 Ea,
277 2298 345 2355 quae
356 2288 426 2336 sunt
439 2279 535 2356 plura,
564 2278 715 2337 ethabent
728 2277 871 2335 malitiam
887 2276 1006 2355 ejualen

76 2358 197 2415 rationis
212 2378 263 2416 seu
274 2360 393 2436 speciei,
408 2368 442 2416 ut
456 2359 518 2417 duo
530 2360 620 2430 furta,
646 2358 708 2415 duo
719 2357 890 2427 homicidia,
906 2369 959 2416 etc.

118 2438 275 2497 Undenam
289 2441 383 2497 oritur
397 2440 548 2497 distinctio
560 2439 713 2497 numerica
725 2443 939 2514 peccatorum?

118 2518 160 2575 Il.
172 2519 206 2576 R.
223 2521 270 2576 Ex
280 2520 450 2597 pluralitate
463 2531 595 2590 actuum,
624 2529 654 2577 et
674 2538 710 2576 ex
729 2518 903 2594 pluralitate
922 2518 1009 2596 objet-

76 2608 194 2659 torum:
215 2599 285 2659 hinc
297 2602 386 2659 statui
400 2601 496 2659 solent
508 2600 574 2659 duae
588 2609 744 2677 sequentes
758 2599 882 2675 regula.
906 2599 1009 2657 Prima:

76 2677 178 2752 plures
203 2691 287 2738 actus
301 2681 334 2738 in
354 2680 457 2738 eadem
477 2683 575 2758 specie
597 2679 677 2749 mali,
702 2697 764 2735 non
777 2679 974 2738 coalescentes
986 2678 1012 2735 in

74 2776 166 2814 unum
178 2770 277 2818 actum
291 2762 416 2838 peccati,
426 2763 613 2820 constituunt
626 2770 670 2818 tot
683 2770 806 2836 peccata
817 2761 881 2817 solo
895 2777 1013 2816 numero

76 2836 224 2908 distincta,
240 2853 314 2918 quot
322 2852 392 2900 sunt
404 2853 507 2913 actus3
523 2843 565 2902 sic
579 2842 646 2899 duoe
656 2839 804 2915 simplices
814 2839 1015 2899 tbrnieatione

78 2920 262 2978 constituunt
276 2922 336 2979 duo
349 2933 471 2999 peccata
485 2923 547 2980 solo
567 2940 692 2980 numero
715 2919 863 2978 distincta.

119 2999 179 3057 lll.
196 3001 344 3073 Secunda;
358 3022 437 3060 unus
450 3012 533 3060 actus
544 3003 657 3061 habens
667 2999 756 3078 plura
765 3001 884 3078 objecta
892 2998 1016 3077 ejusden

78 3080 196 3156 speciei,
208 3099 267 3138 non
283 3083 476 3140 coalescentia
495 3083 527 3140 in
542 3102 635 3141 unum
649 3080 808 3158 objectum,
824 3081 957 3139 continet
978 3090 1016 3138 tu

77 3172 197 3235 peccata
215 3161 278 3219 solo
289 3182 414 3220 numero
428 3163 576 3233 distincta,
591 3173 665 3240 quot
676 3170 746 3219 sunt
754 3161 890 3240 objecta;
919 3161 963 3217 ita
974 3158 1016 3236 qui

78 3243 165 3300 uuicti
176 3242 345 3320 explosioue
355 3243 527 3301 bombardae
540 3255 600 3302 tres
613 3242 748 3300 homines
756 3242 877 3311 occidit,
892 3241 1016 3299 commit·

80 3320 118 3378 tit
131 3324 187 3381 tria
200 3335 321 3401 peccata
340 3323 504 3394 homicidii,
517 3344 642 3383 numero
656 3321 805 3380 distincta.

81 3483 180 3551 N-95.
197 3484 411 3544 NOTANDA
434 3485 560 3544 CIRCA
584 3482 778 3543 PRIOREM
801 3477 1016 3540 REGULAM.

83 3642 107 3700 l.
137 3643 224 3702 Actae
253 3643 395 3722 disparati
429 3645 474 3703 ael
506 3641 659 3721 interrupti
690 3662 745 3700 non
776 3640 945 3700 coalescant.
987 3640 1016 3698 ll

120 3721 275 3800 Disparati
288 3732 363 3790 sant,
391 3724 439 3803 qai
456 3744 510 3783 non
530 3725 644 3782 tendant
668 3721 707 3779 ad
720 3722 792 3780 idem
805 3741 877 3798 opas
903 3738 1016 3779 cuasam·

118 3802 258 3861 meadum.
314 3802 372 3860 ΙΙΙ.
408 3804 497 3863 Actus
530 3802 680 3881 intnrapti
705 3821 761 3879 per
794 3802 1016 3863 retractationes
