2160 4072
384 106 430 149 na
454 105 530 148 uso.
906 80 946 149 61

54 250 94 312 ³⁰·
114 251 160 312 Ut
172 251 255 309 Deus
267 248 369 328 aliq'ua
382 270 483 310 eorum
499 251 578 308 bona
591 247 715 317 moralia
726 260 897 309 remuneret
918 250 951 308 in
1032 290 1035 297 -

34 360 35 383 1
76 333 144 402 viti,
158 334 229 390 crim
239 331 273 387 in
281 331 374 388 alteri
387 333 449 389 vite
459 331 541 388 nulla
552 329 624 406 ipsis
632 348 747 388 merces
759 340 851 388 restet
863 351 870 387 ε
880 329 951 390 hinc

22 412 51 473 d
62 415 139 490 Aug.
160 412 212 470 lib.
228 419 255 470 5.
286 411 358 469 “de
373 413 499 471 Ciuitate
517 411 602 479 Dei,''
627 430 690 486 cap.
710 416 754 469 15.
769 410 951 487 magnitudi-

28 510 82 551 tun
94 504 125 551 et
136 491 363 570 prosperitatem
375 492 492 570 imperii
506 490 627 549 Romani
642 490 828 548 adscribebat
848 511 950 549 eorum

30 573 173 632 virtutibus
201 570 373 629 moralibus.
405 572 485 630 Vide
511 572 541 629 S.
567 571 714 630 Thomam
741 581 764 627 l.
791 578 820 629 2.
848 583 950 648 quaest.

30 651 127 722 sumt,
152 663 183 711 et
195 651 331 729 Sylvium
341 651 451 710 ibidem
468 652 658 710 conclusione
672 651 770 709 tertid.

59 731 94 792 4⁰.
109 735 152 793 Ut
167 735 251 790 Dens
262 731 438 790 industriam
447 732 606 790 humanam
618 742 647 789 et
656 751 775 790 cursum
785 732 950 791 naturalem

40 839 70 864 ru
88 813 240 890 impediat.

12 903 18 922 ·’
62 891 96 952 ⁵⁰.
111 895 153 953 Ut
167 893 238 951 boni
260 892 298 950 ad
324 891 429 951 altiora
451 893 623 962 ascendant,
648 891 822 968 cogitantes,
843 905 953 969 quanta

18 968 100 1031 Dens
110 986 207 1032 servet
218 973 330 1037 amicis,
345 972 413 1030 edm
428 973 499 1030 talia
513 973 564 1031 det
576 972 712 1030 inimicis.
906 979 909 983 '

10 1081 15 1101 ι
62 1052 97 1112 6⁰.
110 1055 144 1112 ln
157 1073 276 1131 poenam
287 1063 487 1130 peccatorum,
503 1052 573 1110 dum
586 1053 669 1131 justo
686 1055 741 1113 Dei
750 1053 866 1132 judicio
880 1052 953 1110 tales

37 1135 224 1211 prosperitates
235 1133 448 1203 conceduntur,
463 1154 499 1190 ex
511 1134 620 1211 quibus
631 1132 713 1190 videt
721 1155 771 1193 eos
782 1146 954 1211 sumpturos

15 1233 27 1248 ¹
36 1215 196 1283 wionem
210 1213 373 1291 proruendi
387 1215 419 1271 in
430 1213 566 1293 graviora
580 1213 713 1282 crimina,
728 1214 844 1292 sibique
858 1213 953 1292 majus

38 1288 191 1355 &omitum
205 1293 466 1353 thesaurizaturos.

10 1382 30 1416 ¹·
61 1372 108 1433 lx.
122 1376 163 1440 7⁰.
173 1373 308 1434 Tandem
322 1374 406 1432 Deus
416 1375 513 1454 justos
527 1374 557 1431 in
568 1374 624 1432 hac
638 1374 698 1432 vitai
709 1375 808 1453 affligi,
818 1385 847 1433 et
861 1373 954 1431 malos

10 1523 17 1532 ,
38 1481 49 1520 ,-
69 1480 83 1501 ι’
96 1482 118 1504 ν
143 1454 348 1533 ripermittit‚
359 1465 395 1512 ut
405 1458 447 1513 sic
455 1454 590 1512 ostendat
604 1474 668 1512 esse
678 1454 799 1513 alteram
813 1456 911 1522 vitam,
922 1455 954 1510 in

10 1543 16 1559 ²
48 1561 49 1574 ¹
73 1562 75 1568 ,
93 1535 194 1595 virtuti
208 1535 372 1613 praemium,
384 1546 415 1594 et
423 1536 552 1612 peccatis
567 1533 746 1612 supplicium
761 1534 953 1614 rependetur.

20 1637 23 1639 *
42 1610 100 1683 Quia
110 1627 206 1675 tannen
215 1616 316 1693 primis
323 1615 421 1673 fronte
435 1616 498 1673 haec
511 1622 571 1672 non
585 1615 627 1673 ita
640 1629 794 1692 apparent,
809 1614 954 1674 infirmior

10 1716 43 1771 ᾗ
72 1697 178 1755 nando
188 1698 328 1756 turbatur
341 1695 443 1754 dicens
457 1715 525 1754 cum
540 1695 693 1753 Psalmista
708 1696 754 1754 Ps.
771 1705 818 1762 72.
835 1716 865 1758 v.
879 1703 908 1755 3.
925 1704 955 1753 et

12 1780 18 1851 j
57 1775 956 1855 ·“Zelavisuperiniquos‚pacempeccatorumvidens,etc.’'

26 1873 28 1878 ’
53 1856 131 1915 'aum
143 1857 196 1915 tali
210 1856 437 1935 proponendum
460 1865 514 1925 est,
540 1855 621 1932 quod
635 1857 738 1914 eodem
755 1857 829 1915 Psal.
853 1877 881 1914 v.
909 1866 955 1926 19.

14 1938 122 2014 tlseq.
143 1937 320 2016 subjungit:
347 1937 464 1995 “Facti
483 1937 598 1994 suntin
612 1934 833 2006 desolationem,
857 1936 955 1995 subitd

16 2028 28 2049 ¹⁷
62 2011 239 2077 deiecerunt:
258 2018 413 2095 perierunt
425 2027 548 2096 propter
561 2015 748 2094 iniquitatem
763 2037 856 2086 suam,
884 2016 958 2076 etc.'’

10 2158 32 2269 :J
58 2171 137 2237 tn.
180 2179 239 2236 ne
262 2178 420 2237 mvrun
443 2176 801 2248 uunnmmrrona
835 2178 936 2238 con.

10 2270 24 2292 ‘¹
179 2276 455 2337 servatione
478 2276 533 2335 ET
555 2276 793 2339 concussu.

131 2438 164 2496 s.
185 2436 282 2495 Tuom.
300 2446 326 2496 1.
336 2445 415 2515 part.
435 2447 533 2514 quau.
550 2444 616 2496 103.
640 2444 708 2500 104.
730 2447 755 2497 et
777 2446 844 2499 105.

39 2583 55 2645 ¹·
82 2595 345 2675 cauguamuu.
387 2597 430 2655 11.
466 2596 544 2662 00ῑο
557 2599 736 2657 conservatio.
778 2599 840 2658 111.
883 2597 960 2664 nuru

60 2696 218 2736 concur-arm
252 2677 305 2734 lV.
322 2675 481 2734 Conuersus
494 2676 552 2735 Dei
565 2685 605 2734 est
619 2679 793 2735 necessarius
806 2679 845 2737 ad
857 2697 961 2738 omnem

59 2759 193 2816 actionem
207 2763 352 2813 creaturae.
397 2755 432 2814 V.
453 2754 540 2836 Isque
549 2754 690 2835 physicus.
734 2757 788 2815 Vl.
805 2758 959 2835 Noasuffi·

59 2837 94 2895 cit
104 2854 259 2895 coricursus
272 2832 463 2894 simultuueus.
505 2836 549 2893 VI
554 2837 576 2894 1.
590 2834 648 2892 Sed
660 2834 814 2917 requiritur
823 2840 958 2915 praevius.

58 2980 170 3054 QUID
185 2991 231 3038 est
247 2978 424 3056 gubernatio
434 2977 559 3040 divina?

58 3061 83 3120 1.
100 3063 138 3120 R.
152 3062 211 3119 Est
224 3059 347 3119 actualis
359 3059 484 3118 directio
496 3079 597 3120 rerum
610 3061 642 3119 in
656 3060 766 3119 finem
777 3061 825 3120 De
832 3062 889 3121 hac
900 3063 960 3140 agit

27 3133 172 3201 tThom.
187 3151 290 3217 quaest.
317 3147 380 3198 103.
397 3159 451 3217 per
461 3152 528 3198 octo
541 3142 690 3212 articulos,
712 3162 840 3219 quorum
856 3143 962 3220 quinto

26 3222 158 3291 otendit,
177 3221 277 3279 omnia
283 3219 370 3278 subdi
380 3220 488 3277 divina
502 3223 721 3299 gubernationi,
733 3233 763 3280 et
774 3223 909 3300 septimo,
918 3222 962 3280 nil

26 3301 264 3370 preterordinem
273 3299 608 3377 divinaegubernationis
618 3303 745 3361 evenire:
760 3303 899 3381 quaesatis
909 3323 961 3380 pa-

26 3386 122 3441 tenter
131 3381 221 3440 dictis
229 3382 267 3439 de
273 3379 470 3459 providentii,
480 3383 566 3462 cujus
576 3383 754 3461 gubernatio
762 3395 807 3442 est
816 3384 960 3442 executio.

60 3461 142 3537 Quid
164 3472 210 3520 est
223 3482 322 3520 rerum
336 3461 542 3522 conservatio?

61 3544 103 3603 ΙΙ.
115 3545 151 3602 R.
166 3543 244 3601 Cum
257 3541 442 3601 Catechismo
454 3543 603 3602 Romano:
628 3545 683 3603 Est
696 3543 866 3602 continuata
880 3563 960 3603 crea·

34 3620 73 3693 tio,
86 3625 160 3695 sive,
176 3635 210 3682 ut
220 3622 294 3681 dicit
304 3622 332 3680 S.
343 3621 475 3680 Thomas
483 3622 534 3683 lib.
552 3633 578 3684 3.
594 3635 696 3682 contra
710 3612 824 3683 Gentes
833 3643 903 3704 cap.
913 3622 964 3684 (ts.

37 3712 69 3760 nt
88 3704 275 3764 continuatio
301 3722 364 3760 esse
384 3702 482 3779 ipsius
494 3705 557 3764 rei:
587 3704 787 3788 “dependet
810 3707 896 3767 enim
914 3724 982 3764 esse

34 3783 175 3854 cujuslibet
201 3792 343 3840 creaturae
362 3781 473 3853 dDeo,
504 3785 566 3863 (ait
586 3791 620 3851 S.
637 3791 747 3853 Thom
786 3799 899 3872 quast:
918 3792 995 3846 ibb-

51 3857 140 3914 I'ract.
156 3860 193 3915 de
203 3857 276 3917 Deo.
470 3887 490 3924 a
