2152 4066
123 102 187 166 180
492 120 692 169 rucrarus
759 138 768 157 ι

164 268 201 326 R.
226 265 305 324 Dist
328 265 400 324 min.
413 265 495 344 quod
507 284 569 324 non
582 275 627 324 est
639 265 671 324 in
684 274 831 343 potestate
843 267 987 362 alicujus,

123 361 167 409 est
175 365 233 425 rpsl
224 345 446 404 voluntarium
446 355 603 423 ,respectu
612 346 772 405 voluntarii
778 346 935 424 presentis
946 366 1001 407 cau

122 426 315 497 retractantis,
330 446 411 486 conc.
425 425 497 484 min.
511 445 570 483 non
584 438 629 485 est
642 427 699 504 ipsi
691 427 912 486 'voluntarium
924 440 1049 507 respecta

122 506 292 578 voluntarii,
307 507 478 584 quoposuit
492 525 608 565 causam
610 526 698 584 ,neg
712 507 783 565 min
776 506 856 602 jam
871 517 983 580 autem,
1067 511 1069 519 '

122 608 210 651 causa
223 587 274 645 illa
282 587 381 645 adhuc
394 586 508 656 influat,
523 585 562 644 ad
575 587 791 645 restitutionem
812 588 902 646 etiam
914 598 1032 649 tenetur.
1060 607 1074 643 ι

162 668 234 747 Obj.
250 668 294 726 11.
320 667 376 725 Ille
398 666 541 724 mandans
553 686 614 724 non
636 677 755 726 tenetur
768 667 856 727 titulo
865 688 910 726 rer
923 689 941 726 a
1068 692 1074 701 ·

121 770 177 809 nec
190 747 299 807 titulo
291 746 408 824 injusta
421 747 618 824 acceptionis·
640 748 709 824 quia
720 748 893 808 incendium
906 748 987 807 istud
1060 769 1074 807 ι

122 841 167 890 est
177 831 234 923 ipsr
225 827 389 904 culpabile
403 838 471 904 post
480 837 580 884 actum
589 827 773 886 contritionis
783 847 835 886 seu
845 826 979 907 poeuiten
993 831 999 843 '

123 911 205 988 atqui
218 907 390 966 incendium
404 907 438 965 fit
450 916 519 985 post
531 907 753 984 poenitentiam:
765 928 848 984 ergo,
861 917 919 967 etc.
1065 912 1067 920 ⁴

163 992 197 1048 R.
211 986 386 1047 Incendium
395 987 471 1045 illud
481 986 540 1045 fuit
547 987 708 1064 previsum
716 997 747 1046 et
757 988 1044 1066 culpabiliter-volun.

121 1071 227 1130 tarium
239 1070 270 1126 in
279 1067 416 1126 mandato
428 1087 480 1126 seu
491 1066 681 1125 cansaadhuc
692 1068 842 1139 influente,
851 1069 933 1146 quod
943 1069 1028 1128 suffici

121 1166 156 1210 ut
170 1160 304 1209 teneatur
318 1147 406 1206 titulo
419 1147 537 1226 injustae
551 1148 728 1224 acceptionis
742 1169 793 1206 seu
804 1149 1046 1212 damnificationis.

161 1232 209 1289 Ex
233 1228 320 1287 dictis
346 1227 489 1321 intellige,
504 1227 622 1304 quando
636 1239 667 1286 et
680 1248 804 1305 quorum
817 1240 1005 1307 peccatorum
1017 1232 1060 1319 ιιι,

120 1331 188 1370 reus
204 1309 384 1385 Theologns,
406 1307 458 1385 qui
472 1328 500 1365 v.
514 1328 543 1385 g.
555 1308 588 1365 in
603 1309 763 1367 Seminario
776 1309 904 1402 negligit
916 1309 1060 1382 studium:

121 1413 157 1451 ex
170 1410 231 1468 quo
244 1387 399 1465 contingit,
416 1388 495 1465 qudd
504 1397 607 1465 postea
620 1389 782 1448 committat
792 1390 889 1447 varios
903 1409 1014 1448 errores
1024 1392 1061 1451 in.

122 1469 315 1562 sacramentis
328 1467 576 1540 administrandis,
590 1468 718 1527 consiliis
729 1468 844 1539 dandis,
855 1481 912 1529 etc
921 1466 1065 1541 nimirum,I

120 1550 255 1630 peccavit
264 1549 296 1606 in
305 1549 467 1607 Seminario
475 1569 591 1607 causam
602 1549 751 1643 ponendo,
765 1551 867 1628 sicque
880 1551 1048 1626 ignorantia,

122 1652 158 1694 ex
172 1652 231 1709 qua
244 1648 356 1688 errores
369 1629 413 1687 illi
423 1629 584 1706 profluunt,
609 1644 654 1687 est
667 1631 724 1706 ipsr
715 1629 902 1688 vincibilis:
926 1630 1049 1710 adeoque

120 1732 234 1775 errores
247 1710 422 1786 inquantum
438 1728 488 1766 eos
500 1708 663 1785 previdere
686 1711 980 1788 potuit,cruntips1
972 1711 1074 1785 cul-1

120 1782 243 1890 publiea,
258 1788 418 1847 voluntarii
443 1789 491 1847 vel
504 1789 597 1858 veliti,
622 1790 679 1849 nisi
692 1801 795 1867 postea
805 1811 860 1869 per
873 1790 1074 1868 duplicatam}

120 1879 151 1936 in
176 1871 274 1931 studio
300 1869 484 1963 diligentiam
498 1869 641 1928 deleverit
655 1890 770 1929 omnem
785 1871 1007 1948 negligentiam,
1024 1883 1074 1935 eta

120 1958 161 2016 ita
170 1971 287 2011 causam
300 1951 425 2027 positam
439 1949 569 2008 totaliter
583 1960 612 2009 et
622 1951 777 2009 efficaciter
789 1953 944 2011 amoverit
1066 1994 1074 2019 ,

161 2034 244 2093 ldem
258 2041 321 2088 esto
329 2030 478 2108 judicium
492 2029 530 2088 de
542 2030 705 2100 Advocato,
718 2033 846 2102 Medico,
862 2031 991 2109 Opifice,
1001 2044 1049 2092 etc.

121 2111 282 2174 Consuli'
258 2131 334 2169 cuca
352 2110 409 2168 hoe
428 2121 558 2168 meretur
573 2111 689 2169 Collet
681 2130 713 2167 m
726 2120 876 2171 tractatu‘
878 2112 940 2171 ‘de
953 2112 1053 2191 praci-

121 2203 315 2273 “puorum
295 2202 424 2250 statuum
438 2190 697 2268 obligationibus”

120 2357 213 2414 Neo.
224 2353 281 2411 DE
295 2351 581 2413 VOLUNTARIO
591 2353 806 2413 EXPRESSO
817 2355 872 2412 ET
884 2354 1051 2415 TACITO.

250 2516 273 2572 Ι.
298 2511 492 2572 Volumnium
507 2533 673 2592 expressum.
716 2513 757 2571 ll.
783 2512 922 2572 Tacitum.

53 2708 57 2719 ·
157 2677 217 2749 Qu
221 2676 267 2733 ID
282 2684 326 2731 est
340 2675 538 2733 voluntarium
550 2681 742 2753 expressum?

160 2758 184 2813 l.
201 2757 235 2813 R.
252 2755 306 2811 Est
326 2754 534 2822 voluntarium,
564 2755 643 2848 quod
662 2756 761 2814 verbis
788 2767 839 2815 eut
869 2756 935 2815 aliis
961 2756 1061 2834 signis·¹

117 2854 291 2904 consensum
301 2834 534 2926 significantibus
548 2836 733 2912 exprimitur.
755 2836 939 2913 Hujusmodi
949 2837 1074 2907 volun-t

116 2917 225 2978 tarium
238 2914 399 2990 requiritur
412 2915 451 2971 ad
464 2924 646 2973 contractum
659 2917 913 2975 matrimonialem.
1055 2966 1074 2987 .,

157 2997 198 3053 ΙΙ.
215 2994 351 3052 Tacitum
364 2993 481 3064 dicitur,
505 2994 587 3088 quod
602 2996 714 3073 absque
728 2995 937 3074 hujusmodi'
914 2996 1043 3075 signisex
1062 3030 1074 3067 c

116 3082 194 3138 facto
204 3075 304 3151 aliquo
314 3084 366 3131 aut
373 3073 443 3131 facti
455 3094 611 3132 omissrone
621 3076 781 3154 coll1g1tur
796 3078 1074 3157 ιιιιιιιιιιιιιιιιιιιιιι.νΗ

118 3160 154 3216 ln
168 3156 225 3215 hoc
239 3153 381 3212 fundatur
401 3154 527 3230 regula'
515 3156 592 3232 Juris
606 3155 638 3213 in
652 3156 698 3216 6:
723 3158 818 3231 “Qui
832 3168 919 3229 tacet,
932 3178 1044 3217 consen·
1062 3190 1068 3225 ι

116 3240 206 3297 “tire
219 3233 364 3293 videturl'
1033 3266 1036 3271 ·
1063 3262 1074 3307 J

154 3321 205 3377 An
231 3316 425 3394 quiscumque
444 3324 545 3374 tacens
559 3335 675 3397 semper
699 3319 864 3378 consentire
888 3319 1074 3441 censendasJ

116 3403 187 3458 est?

155 3480 191 3536 R
207 3475 367 3554 Negative:
383 3474 480 3533 sedin
493 3476 617 3552 praefata
629 3479 734 3555 regula
748 3480 932 3558 subintelhgi
943 3479 1046 3539 debet

112 3557 308 3635 “Quandop
309 3565 402 3614 oterat
416 3564 445 3614 et
468 3555 596 3615 debebat
621 3557 750 3637 loqui:''
765 3572 795 3619 et
817 3561 858 3619 ita
878 3561 902 3619 si
917 3561 1048 3632 superior

110 3577 590 3713 dissimulandononreprehendat
599 3637 714 3716 aliquos
724 3639 799 3716 legis
809 3650 1074 3718 transgressores

98 3740 136 3780 eo
152 3718 272 3802 qndd
257 3739 323 3801 Jam
349 3717 505 3779 commode
491 3721 583 3778 enon
592 3719 700 3798 possit,
711 3721 766 3776 uel
781 3721 1060 3786 unsaramma,

85 3821 152 3864 non
165 3814 313 3865 censetur
328 3802 504 3864 consentire
519 3799 553 3860 in
564 3800 863 3880 transgressionem
877 3796 969 3850 'idem
985 3805 1045 3858 ιιι,
1052 3795 1074 3848 ἐι
