2160 4072
258 78 261 83 ¹
339 120 386 165 na
400 118 572 175 enecans.
862 106 932 175 m
1020 188 1024 201 Ι

67 263 129 324 Per
153 266 334 325 cantiam
359 263 556 327 volontarium
608 268 642 327 V.
676 269 748 328 Item
772 288 829 346 per
854 270 928 330 inno·

45 343 188 401 iniuriam.
230 345 284 404 vl.
311 342 415 405 tatem
438 343 468 403 in
492 349 566 407 mere
588 347 717 408 intentis.
768 349 840 407 vll„
868 351 928 409 Per

45 421 147 481 nobile
159 423 345 483 numatam.
388 423 480 486 VllI.
499 425 552 484 To
563 427 627 504 quie
644 435 762 503 peccota
775 427 927 498 committit,

45 509 87 559 cot
99 500 224 561 homines
236 502 352 580 indigne
365 503 503 593 baptizat,
528 505 656 575 obsolvit,
682 513 733 565 eo.
777 509 833 567 lX.
854 506 926 567 lum

45 588 86 641 sot
106 580 262 641 hominibus
283 582 493 645 Euclanaiiom
513 585 662 645 minutior.
703 588 740 649 X·
762 586 863 665 Major
881 605 928 644 or·

45 661 137 721 inuria
150 670 190 721 cst
205 661 312 721 matun
327 661 356 719 ia
369 659 569 741 duobusqudns
582 666 612 723 ia
626 682 682 723 uiro
688 674 815 742 peccato.

45 822 310 894 {UANDONAM
334 821 437 898 plures
460 835 543 880 actus
567 822 598 881 in
619 825 722 884 eadem
744 824 842 903 specie
855 827 926 891 naali

45 913 144 962 rentur
157 923 216 961 non
228 902 390 961 coalescere
404 901 435 959 in
450 922 543 961 unum
554 910 674 964 actum?

62 983 100 1042 R.
128 983 258 1056 Quando
277 982 321 1041 illi
345 995 429 1047 actus
452 995 523 1041 sunt
535 984 613 1043 inter
633 1003 666 1043 se
687 985 840 1063 disparati,
855 988 926 1047 item

45 1063 105 1121 ndo
118 1065 197 1123 inter
211 1061 278 1121 illos
291 1061 450 1121 intercedit
463 1065 585 1123 moralis
596 1065 785 1144 interruptio.

45 1144 157 1214 minam
170 1154 254 1207 actus
264 1143 406 1202 dicuntur
419 1143 497 1201 inter
511 1165 542 1202 sa
552 1144 715 1222 disparati?

45 1227 63 1280 l.
80 1226 116 1283 R.
130 1225 190 1298 Qui
205 1244 264 1282 non
275 1225 404 1282 tendunt
412 1224 450 1281 ad
460 1225 540 1282 idern
549 1246 624 1302 opus
638 1228 925 1289 consummandumt

45 1304 106 1363 lua
120 1305 328 1363 fornicationes
343 1316 413 1365 suut
426 1303 487 1364 duo
501 1316 624 1382 peccata
636 1326 762 1365 numero
775 1307 925 1382 distincta,

45 1408 47 1442 ;
71 1406 109 1445 ex
134 1385 236 1444 eadem
261 1384 415 1444 voluntate
449 1386 622 1446 continuata
643 1387 809 1464 procedant
820 1412 829 1459 3
857 1393 927 1466 quia

45 1486 78 1523 ra
104 1465 262 1525 fornicatio
289 1485 349 1523 non
384 1465 483 1525 tendit
508 1466 546 1524 od
579 1466 667 1525 aliam
701 1467 925 1529 fornicationem

45 1546 253 1616 ruminandam,
278 1546 331 1604 sed
361 1558 406 1607 est
432 1565 516 1609 actus
537 1546 645 1617 totalis,
671 1559 701 1605 et
728 1548 760 1606 in
785 1568 815 1607 se
843 1569 924 1609 com.

45 1647 87 1685 ne.

45 1708 105 1766 linc
119 1709 218 1776 etiam,
232 1708 257 1767 si
271 1720 354 1767 actus
365 1709 539 1786 praeambuli
550 1708 588 1766 arl
602 1719 701 1768 actum
715 1709 836 1780 malurn,
852 1732 879 1769 v.
893 1734 925 1791 g.

45 1809 79 1846 us
92 1789 247 1866 impudici,
262 1808 322 1846 non
337 1790 442 1847 fierent
454 1810 491 1847 ex
507 1789 671 1849 intentione
690 1792 798 1866 operis,
810 1811 862 1852 seu
877 1814 925 1853 co·

45 1890 70 1937 e,
93 1870 147 1926 sed
161 1873 199 1928 ob
217 1871 369 1947 propriam
384 1890 486 1929 eorum
502 1870 738 1939 delectationem,
753 1872 808 1930 etsi
823 1884 925 1948 postea

45 1956 94 2006 att
111 1951 264 2008 voluntate
279 1949 386 2026 copula
399 1962 550 2026 sequatur,
575 1960 671 2011 tactus
683 1950 729 2007 illi
743 1951 842 2009 forent
854 1973 924 2029 pec.

56 2029 196 2108 scopula
209 2031 359 2099 distincta,
369 2041 401 2088 et
413 2031 570 2107 separatim
582 2030 614 2089 in
624 2030 809 2089 confessione
824 2035 924 2110 expri-

45 2111 108 2181 .da;
135 2112 205 2188 quia
227 2111 272 2168 illi
286 2121 370 2170 actus
393 2121 465 2168 tunc
479 2122 578 2169 essent
602 2111 617 2169 a
641 2109 749 2188 copula
772 2111 924 2191 disparati,

45 2203 85 2248 ite
100 2192 139 2248 ad
153 2191 233 2251 illam
248 2191 507 2250 consummandam
522 2211 582 2249 non
596 2191 761 2255 tendentes.

45 2273 137 2329 ariter
148 2271 329 2331 communius
343 2272 476 2340 docetur,
499 2272 588 2347 quod,
611 2271 636 2330 si
659 2283 743 2331 octus
756 2273 837 2346 mali,
852 2294 879 2332 v.
895 2294 923 2352 g.

45 2373 78 2410 us
99 2352 244 2428 impudici
258 2354 422 2411 habeantur
436 2364 503 2429 post
516 2353 752 2422 fornicationem,
774 2353 806 2411 hi
830 2354 926 2413 futuri

53 2444 178 2510 peccata
189 2432 208 2490 t
221 2433 401 2508 praecedenti
410 2433 604 2491 fornicatione
618 2433 773 2493 distincto:
788 2432 927 2511 quianon

45 2513 113 2571 lunt
126 2512 165 2570 ad
176 2513 392 2590 praecedentem
413 2514 637 2571 fornicationem
651 2513 924 2585 consummandam,

45 2606 87 2651 rte
97 2594 160 2671 jam
179 2593 366 2670 completam,
382 2593 434 2652 sed
448 2594 544 2670 potius
557 2605 627 2651 sunt
641 2593 796 2671 dispositio
819 2593 858 2653 ad
872 2614 925 2653 no-

45 2674 299 2733 rfornicationem.
723 2702 726 2707 ·
794 2688 796 2693 ’
884 2714 887 2719 <

45 2755 221 2826 luendonam
236 2755 312 2812 inter
327 2765 409 2813 actus
422 2753 581 2813 intercedit
595 2753 714 2812 moralis
723 2753 923 2832 interruptio?

45 2834 83 2893 ll.
99 2837 134 2895 R.
152 2834 190 2893 10.
207 2836 290 2894 Dum
304 2836 385 2912 prior
400 2835 536 2893 voluntas
549 2846 618 2892 actu
629 2834 687 2893 fuit
700 2845 861 2894 retractata
871 2855 925 2912 per

45 2927 166 2974 sntatem
181 2915 374 2976 contrariam:
400 2915 451 2984 sic,
474 2917 580 2992 siquis
601 2914 674 2973 velit
687 2915 790 2984 furari,
804 2927 835 2974 et
848 2915 935 2978 hanc.

45 3005 166 3055 sntatem
186 3005 335 3066 retractet,
366 3016 501 3072 eamque,
530 2996 600 3054 licit
629 3008 697 3073 post
716 2996 925 3055 brevissimum

45 3096 111 3153 pus,
125 3077 236 3135 iterum
248 3088 389 3146 resumat,
411 3076 570 3137 committit
591 3076 652 3135 duo
666 3087 788 3155 peccata
800 3095 925 3144 numero

45 3157 131 3215 incta.
603 3200 606 3207 ,

45 3237 113 3295 lnde
124 3237 211 3296 toties
227 3237 295 3315 quis
308 3248 412 3315 peccat
425 3258 505 3296 novo
522 3250 655 3315 peccato,
671 3237 786 3316 quoties
796 3246 865 3314 post
877 3255 924 3295 re-

45 3318 189 3377 tationem
213 3319 347 3394 priorem
361 3318 544 3377 voluntatem
566 3320 712 3377 resumit:
732 3318 774 3375 ita
798 3316 851 3392 qui
871 3335 926 3392 per

45 3416 113 3457 roem
139 3410 238 3457 manet
262 3399 293 3455 in
307 3399 447 3475 neglectu
470 3399 673 3468 restitutionis,
689 3399 713 3455 si
727 3398 779 3454 illo
792 3408 926 3472 tempore

45 3499 80 3537 ,es
100 3479 285 3556 poenituerit,
313 3479 362 3537 vel
383 3480 526 3539 sinceram
546 3480 728 3538 volontatem
748 3476 925 3535 restituendi

45 3561 160 3636 :operit
169 3572 198 3618 et
209 3559 295 3618 toties
306 3559 436 3637 priorem
447 3560 629 3619 voluntatem
641 3557 821 3627 resumserit,
832 3556 926 3615 unde-

58 3652 183 3717 peccata
202 3660 328 3699 numero
349 3641 488 3699 distincta
507 3639 665 3708 commisit,
696 3658 790 3697 unum
814 3636 929 3699 scilicet

45 3741 95 3783 me
107 3721 212 3796 primae
227 3721 398 3791 voluntatis,
413 3733 443 3779 et
463 3721 568 3782 decem
583 3720 706 3781 ratione·
718 3718 942 3796 assumptionis

45 3819 78 3857 ae
90 3800 273 3859 voluntatis:
296 3803 414 3862 sivero
439 3805 511 3865 talis
536 3825 704 3885 nunquam
725 3820 819 3862 suam
843 3795 965 3856 mmm
