2160 4072
449 39 496 67 va.
511 39 586 85 'unu
970 38 991 78 u

88 172 131 231 ΙΙ.
153 168 329 232 Secundum
353 181 565 246 argumentum
589 170 720 230 desumit
744 171 775 230 S.
800 170 857 231 Th.
871 179 946 231 art3
960 173 992 231 in

55 254 136 331 Corp.
149 272 187 311 ex
199 261 403 310 creaturarum
415 261 509 321 motu,
524 251 582 310 hoc
595 252 704 311 modo:
717 251 867 328 quidquid
887 274 989 312 move·

56 344 108 404 tur,
126 334 166 392 ab
178 332 241 392 alio
251 340 389 388 movetur
402 352 410 389 ε
433 341 485 389 aut
492 351 565 410 ergo
574 342 711 391 movetur
721 332 760 389 ab
767 332 915 393 immobili
927 354 988 393 mo-

57 424 122 486 tors,
142 424 174 472 st
187 412 240 471 bic
252 422 298 470 est
312 412 413 471 Deus:
434 413 515 472 auti
526 423 642 471 motore
651 413 773 475 mobili:
788 414 841 472 sed
854 424 928 475 tunc
940 414 991 475 bic

55 490 145 553 roiam
157 493 272 553 moveri
285 491 376 549 debet
388 493 427 551 ab
434 491 519 565 ·ali0;
540 512 622 571 ergo,
635 512 674 551 ne
687 493 777 551 detur
790 512 945 571 processus
957 495 990 553 in

57 573 206 641 inlinitum,
221 572 387 631 necessarii:
400 574 636 650 perveniendum
647 583 691 632 est
704 574 743 633 ad
756 575 886 651 prim'um
895 586 990 636 moto-

58 673 122 726 rem,
144 655 200 734 qui
219 664 330 722 movet,
352 665 382 712 et
391 674 451 712 non
465 665 611 713 movetur.

85 735 144 794 111.
159 734 278 795 Eodem
289 733 378 801 modo
389 735 417 793 S.
430 734 539 796 Thom.
549 734 650 794 adbuc
659 746 720 794 tres
728 734 799 793 alias
808 734 991 795 demonstra·

54 814 137 874 tiones
151 814 288 883 adducit,
309 834 384 891 quas
404 814 473 873 vide
486 814 568 894 apud
580 815 691 893 ipsum.

85 894 137 955 IV.
159 894 308 957 Similiter
321 915 358 954 ex
372 915 517 955 consensu
536 894 668 954 omnium
680 895 833 954 nationum
847 896 992 975 probatur

54 975 102 1034 Dei
110 974 280 1043 existentia,
295 994 363 1050 que
377 987 518 1055 utcumqe
532 976 666 1035 barbara·
678 987 708 1035 et
722 975 853 1049 inculta,
868 977 990 1057 aliquod

52 1075 279 1135 enssupremum
293 1076 409 1134 semper
419 1066 616 1134 agnoverunt.

84 1138 200 1196 Pariter
213 1156 250 1194 ex
278 1136 443 1214 prophetiis
462 1136 641 1216 adimpletis,
662 1136 824 1208 miraculis,
855 1136 990 1217 appetitu

52 1216 113 1276 boni
127 1218 249 1286 infiniti,
262 1218 601 1288 conscientiaeremorsu,
612 1238 647 1277 ac
655 1218 775 1276 tandem
791 1237 829 1277 ex
838 1216 991 1298 'stupenda

52 1298 149 1356 mundi
162 1309 194 1357 et
204 1298 398 1357 minimorum
409 1319 477 1376 quae
485 1298 516 1355 in
530 1319 565 1357 eo
580 1309 660 1369 sunt,
682 1309 717 1357 ut
729 1298 852 1367 insecta,
867 1300 990 1359 animal·

53 1379 120 1450 mla,
142 1390 199 1438 etc.
210 1378 336 1448 fabrici,
357 1378 575 1456 gubernatione
602 1395 633 1437 et
659 1381 891 1447 conservatione,
914 1381 991 1439 entis

53 1462 155 1519 tumme
167 1459 367 1535 intelligentis
378 1458 650 1519 existentiainvicte
658 1461 815 1538 probatur:
825 1459 900 1517 nihil
910 1461 990 1520 enim

53 1539 201 1598 :bsurdius
215 1538 288 1617 tingi
311 1550 419 1617 potest,
441 1542 530 1617 quiam
554 1538 618 1599 haec
645 1539 744 1599 omnia
770 1558 852 1598 coeco
875 1552 991 1601 naturae

53 1618 84 1679 im
108 1619 174 1681 uisu
191 1640 255 1680 esse
268 1630 388 1697 peracta
397 1644 407 1692 ;
429 1619 481 1679 ubi
495 1619 768 1697 perspicacissimus
790 1619 889 1692 bomo,
911 1622 992 1682 omni

53 1640 177 1761 saisita
188 1699 346 1771 industrii,
368 1700 411 1758 nil
420 1698 526 1773 simile,
540 1720 599 1759 non
615 1700 682 1759 dico
694 1702 818 1771 efficere,
832 1702 885 1761 sed
895 1701 992 1780 quali·

53 1792 88 1839 *ar
100 1781 217 1841 factum
233 1781 272 1839 sit
284 1800 341 1839 nec
359 1782 489 1859 cogitare
502 1791 611 1858 potest.

82 1861 232 1934 Quaedam
244 1860 342 1920 adhuc
353 1872 529 1938 argumenta
538 1860 738 1939 metaphysica
745 1860 948 1933 adducuntur,
958 1874 993 1923 ut

53 1942 124 2018 quid
138 1940 251 2002 dentur
274 1942 413 2001 veritates
437 1953 555 2003 aeternae
582 1953 612 2000 et
626 1940 836 2013 immutabiles,
857 1954 891 2001 ut
919 1963 947 2001 v.
961 1965 992 2021 g.

53 2041 126 2082 uec:
150 2030 172 2057 “
188 2026 326 2102 parentes
341 2036 411 2081 sunt
425 2021 549 2081 colendi
553 2024 581 2095 ;'’
593 2022 675 2100 quod
690 2029 710 2055 “
721 2023 819 2081 omnia
831 2023 911 2082 entia
933 2043 994 2083 uon

53 2102 161 2180 possint
174 2122 240 2165 esse
254 2102 456 2181 contingentia
465 2104 494 2173 ;”
520 2102 590 2181 quia
615 2103 744 2183 supponi
757 2115 860 2183 posset
872 2103 995 2171 nullum

53 2202 95 2242 :ns
109 2182 250 2246 existere,
272 2195 302 2243 et
328 2193 401 2243 tunc
427 2181 526 2242 otnnia
553 2180 632 2242 entia
647 2180 758 2242 ¹forent
785 2176 989 2261 impossibilia

53 2267 146 2342 utpote
170 2284 232 2324 non
254 2263 395 2323 habentia
419 2283 547 2334 causam,
578 2262 597 2322 d
621 2284 681 2341 qua
699 2264 887 2325 existentiam
915 2265 993 2324 acci-

53 2354 160 2420 perent.
203 2343 263 2402 Sed
276 2344 340 2403 haec
354 2364 415 2402 non
429 2344 570 2404 videntur
584 2344 723 2415 efficacia,
743 2344 848 2405 saltem
860 2344 899 2404 ad
923 2364 993 2404 con·

53 2424 229 2485 vincendum
252 2424 394 2484 Atheum.

85 2504 191 2564 Simile
204 2516 250 2565 est
262 2515 472 2582 argumentum
484 2504 609 2565 Cartesii
620 2525 657 2564 ex
670 2503 738 2563 idea
752 2503 829 2563 entis
839 2505 994 2582 perfectis-

53 2584 121 2651 simi,
142 2586 227 2665 quod
248 2585 306 2644 hoc
320 2584 409 2642 modo
429 2586 627 2663 proponitur:
651 2584 846 2660 “Quidquid
869 2584 901 2644 in
927 2586 995 2645 idea

53 2671 69 2696 “
81 2665 163 2727 clara
175 2676 206 2725 et
234 2666 375 2725 distincta
398 2665 525 2743 alicujus
538 2668 581 2725 rei
595 2665 774 2735 continetur,
794 2677 893 2741 potest
907 2667 945 2726 de
961 2687 994 2725 re

53 2753 69 2779 ‘¹
78 2744 129 2805 :lla
142 2750 214 2805 vere
228 2747 384 2806 affirmari:
397 2747 481 2823 atqui
490 2745 521 2805 in
532 2744 601 2805 idea
613 2745 690 2823 entis
699 2745 908 2827 perfectissimi
923 2767 993 2806 con-

53 2826 194 2887 “tinetur
217 2826 343 2887 actualis
370 2824 545 2886 existentia:
581 2847 653 2905 ergo
679 2826 804 2884 actualis
831 2827 991 2887 existentia

53 2912 177 2985 “potest
190 2906 229 2967 de
253 2917 322 2967 ente
335 2906 551 2985 perfectissimo
562 2910 631 2967 veri:
645 2907 791 2979 affirmari,
812 2926 848 2966 ac
865 2907 992 2986 proinde

53 2993 72 3020 “
83 2984 161 3047 illud
176 2987 334 3048 actualiter
348 2987 456 3046 existit.

85 3066 179 3128 Athei
211 3068 293 3128 enim
320 3069 484 3146 negabunt,
505 3087 536 3127 se
563 3066 639 3126 entis
659 3066 868 3145 perfectissimi
887 3068 987 3128 ideam

54 3146 167 3221 habere,
188 3160 220 3209 et
233 3148 345 3219 dicent,
369 3147 460 3226 quod,
488 3146 513 3206 si
534 3167 589 3205 nos
616 3146 705 3207 talem
733 3148 917 3226 effingamus,
938 3149 990 3208 illa

54 3226 162 3289 ideain
183 3231 272 3293 nobis
298 3224 554 3315 representetens
575 3227 698 3309 rationis
712 3227 915 3301 chimericum,
938 3249 990 3289 sea

54 3308 130 3385 quod
142 3310 228 3371 extri
241 3320 373 3370 mentem
396 3328 457 3369 non
471 3306 586 3368 existit:
608 3300 733 3386 proinde
749 3308 856 3368 vitium
870 3310 988 3387 praefati

54 3386 211 3471 syllogsimi
225 3390 328 3451 dicent
346 3389 420 3461 e'ss'e,
441 3389 523 3470 quod
545 3388 569 3447 ἃ
580 3388 667 3449 'statu
682 3388 771 3449 ideali
785 3409 838 3447 sen
849 3390 992 3470 simplicis

54 3466 268 3557 tpprobatiouis
285 3471 319 3533 in
332 3471 437 3533 minori
456 3464 636 3553 procedatur
655 3468 695 3530 ad
709 3481 818 3529 statum
832 3470 943 3533 realem
957 3471 988 3531 in

55 3564 258 3635 unaquente.
