2152 4066
330 120 376 164 ns
393 118 538 165 sensus
554 118 724 161 anninus.
920 100 988 168 179

58 270 216 422 Ἐρῶ
215 268 277 343 quo
266 264 429 405 llplupspedrn
441 284 502 323 uon
515 274 622 343 potest,
637 263 706 324 licet
719 284 777 344 pro
788 266 840 325 ill'o
858 277 992 353 tempore

227 366 267 405 vo
340 388 348 404 .

65 502 150 565 MS.
191 506 253 566 DE
266 505 630 567 RETRACTATIONE
652 505 801 566 CAUSAE
817 506 988 567 POSITAE.

60 660 77 721 i.
87 662 185 723 causo
194 665 344 742 efficaciter
354 664 517 736 retractati,
526 663 642 742 effectus
650 685 705 724 non
713 675 754 725 est
762 666 883 745 amplius
890 666 987 725 uolun-

120 747 226 805 tarius.
269 745 310 803 11.
326 744 395 804 Nisi
407 753 524 804 esterno
536 747 691 805 causaliter
704 765 758 804 non
772 745 809 804 sit
823 745 928 803 abditu.

86 907 151 964 AN
165 905 289 965 effectus
301 907 333 965 in
343 925 431 965 causa
443 908 561 964 tantum
571 907 765 976 voluntarius,
775 905 874 966 sdhuc
888 925 988 965 cense-

58 1004 97 1047 ιιι·
110 986 312 1057 voluntarius,
327 987 448 1046 sisausa
459 986 556 1064 posits
565 986 604 1046 sit
613 1006 667 1065 per
681 988 864 1046 voluntatem
877 995 988 1046 retrac-

89 1148 114 1204 1.
132 1148 169 1205 R„
201 1146 240 1205 1⁰.
266 1149 298 1207 Si
325 1168 413 1207 causa
436 1147 497 1217 ilis,
527 1152 686 1226 antequem
711 1148 832 1207 effectus
846 1149 989 1224 sequitur,

58 1227 209 1286 efficaciter
236 1239 267 1287 et
290 1229 422 1288 effective
448 1240 605 1289 retractate
629 1230 676 1299 sit,
691 1249 750 1287 non
764 1229 877 1286 tantum
892 1229 990 1305 quoad

58 1307 236 1367 voluntatem
250 1308 408 1379 internam,
427 1309 480 1367 sed
492 1311 581 1368 etiam
591 1310 691 1389 quoad
704 1320 853 1368 externam
868 1309 991 1367 causali·

58 1398 143 1447 atem
157 1409 212 1447 seu
225 1389 379 1457 infinitum,
391 1389 513 1447 effectus
522 1409 583 1449 non
597 1391 653 1449 erit
661 1390 788 1467 amplius
796 1389 990 1459 voluntarius,

58 1488 105 1527 uec
115 1469 293 1547 culpabilis:
317 1469 392 1528 ratio
415 1480 469 1539 est,
485 1471 564 1548 quod
578 1481 650 1530 tnnc
672 1470 790 1528 deficiat
801 1468 932 1547 primum
943 1488 989 1528 re·

58 1550 208 1627 quisitum,
222 1549 366 1627 quianon
379 1561 423 1608 cst
435 1552 563 1628 sinplius
573 1551 694 1611 effectus
706 1550 792 1608 istius
805 1569 909 1608 causae.

92 1631 177 1689 Hinc
188 1631 220 1687 in
234 1631 350 1689 casibus
361 1633 494 1689 Numero
503 1631 682 1708 praecedenti
692 1631 804 1707 positis,
815 1629 991 1688 simundans

58 1711 210 1771 efficaciter
222 1711 404 1769 revocaverit
416 1710 598 1782 mundatum,
621 1712 661 1771 its
676 1723 710 1770 ut
722 1710 894 1769 mandatum
908 1710 992 1768 nullo

58 1790 180 1870 mplius
191 1792 280 1849 modo
291 1791 394 1849 influat
403 1815 412 1863 3
428 1792 451 1848 si
461 1792 657 1852 Beneficiatus
666 1791 771 1851 emerit
784 1790 865 1850 aliud
876 1792 991 1849 brevia·

58 1872 137 1942 rium,
147 1883 205 1931 etc.
216 1870 338 1930 effectus
347 1890 407 1929 non
416 1882 504 1930 erunt
517 1872 578 1932 ullo
586 1874 674 1932 modo
684 1871 812 1949 amplius
822 1870 990 1940 voluntarii,

60 1972 150 2030 neque
164 1964 379 2029 consequenter
393 1952 454 2011 ulla
467 1954 524 2013 erit
536 1952 677 2033 obligatio
689 1951 892 2011 restitutionis.

97 2035 137 2092 ΙΙ.
152 2034 195 2089 2⁰.
209 2033 241 2092 Si
254 2037 324 2091 vero
339 2053 426 2092 causa
437 2033 487 2092 illa
502 2035 539 2093 sit
552 2035 663 2092 tantum
672 2043 828 2092 retractata
838 2051 892 2108 per
901 2031 992 2088 solam

65 2114 328 2190 voluntatem,quia
342 2134 369 2171 v.
384 2135 414 2191 g.
439 2134 507 2172 eum
533 2115 659 2192 poenitet
683 2132 776 2172 cuusae
797 2113 909 2189 positae,
940 2111 992 2169 sed

66 2206 150 2253 tamen
167 2207 290 2255 externa
314 2195 467 2252 causalitas
492 2195 621 2252 necdum
642 2196 678 2252 sit
692 2194 798 2264 ablata,
824 2212 880 2251 nec
899 2193 994 2269 possit

68 2276 210 2345 efficaciter
225 2274 298 2343 tolli,
313 2284 395 2351 puta,
412 2276 479 2351 qnia
499 2275 529 2331 in
553 2276 668 2332 casibus
692 2273 842 2353 praedictis
862 2272 992 2330 famulus

67 2356 112 2433 jun
126 2356 264 2414 discessit
277 2375 331 2431 per
344 2365 404 2412 tres
417 2356 513 2424 horas,
524 2355 565 2412 ita
579 2366 613 2413 ut
626 2354 808 2431 impossibile
822 2353 859 2410 sit
872 2353 992 2410 manda·

70 2448 115 2493 tum
130 2456 274 2495 revocare
282 2457 291 2504 5
307 2446 375 2493 ante
388 2436 559 2494 incendium
575 2446 732 2512 patratum,
755 2434 803 2491 vel
813 2434 863 2491 ille
878 2432 992 2489 Benefi-

70 2515 147 2574 cittus
161 2527 209 2574 est
232 2517 265 2573 in
292 2515 372 2582 mari,
397 2517 448 2573 ubi
463 2516 644 2592 impossibile
658 2526 703 2573 est
717 2512 799 2572 aliud
812 2512 992 2570 breviarium

69 2598 227 2674 acquirere;
242 2608 314 2654 tunc
337 2595 467 2665 effectus,
492 2616 543 2654 seu
571 2596 741 2654 incendium
765 2605 868 2670 postea
881 2592 992 2650 factum

69 2679 98 2735 rel
109 2676 232 2734 omissio
239 2677 386 2747 horarum,
396 2695 456 2733 non
464 2687 550 2734 erunt
560 2676 679 2753 quidem
689 2674 847 2733 voluntarii
856 2684 992 2750 respectu

67 2759 208 2832 presentis
223 2756 390 2826 voluntatis,
405 2777 460 2816 nec
472 2757 698 2834 imputabuntur
718 2757 750 2813 in
763 2774 872 2812 novum
889 2774 992 2831 pecca·

65 2850 115 2896 tim
129 2837 279 2908 formale3
294 2849 383 2896 erunt
395 2848 493 2896 tamen
507 2838 556 2895 isti
580 2837 700 2897 effectus
713 2836 810 2894 adhuc
835 2834 993 2892 voluntarii

64 2929 191 2997 respectu
217 2917 379 2976 voluntatis
402 2917 607 2995 praecedentis,
633 2923 691 2995 qui
721 2925 864 2974 causaest
878 2915 991 2991 posita:

60 2998 236 3077 supponitur
250 2999 338 3067 enim,
354 2998 434 3076 quod
448 2999 529 3077 prior
554 3019 641 3057 causa
659 2997 753 3074 posits
765 2995 864 3053 adhuc
877 2994 991 3055 influat.

59 3081 197 3137 uimtota
221 3078 374 3137 causalitas
401 3091 521 3137 externa
544 3098 604 3135 non
619 3079 656 3136 sit
670 3079 783 3137 ablata:
807 3075 877 3132 hinc
892 3094 992 3131 conse-

58 3170 181 3238 quenter
196 3159 252 3217 iste
266 3160 407 3217 mandans
421 3158 592 3216 incendium
611 3169 729 3216 tenetur
742 3155 897 3214 restituere
910 3155 992 3210 dam-

58 3258 125 3298 num
140 3240 269 3308 illatum,
299 3248 329 3296 et
343 3239 476 3296 similiter
490 3239 624 3297 omittens
638 3237 725 3295 horas
747 3236 855 3294 amittit
877 3235 992 3290 fructus

58 3320 193 3378 beneficii
203 3339 259 3396 pro
266 3330 409 3395 tempore,
420 3340 480 3396 quo
493 3321 592 3396 potuit
604 3319 769 3395 praevidere
783 3336 819 3372 ex
830 3316 992 3391 abjectione

58 3399 197 3459 breviarii
206 3411 372 3457 secuturam
384 3398 523 3457 horarum
535 3399 729 3467 omissionem,
740 3409 769 3455 et
781 3396 877 3472 reipsa
885 3393 992 3450 omisit.

94 3481 169 3559 obj.
202 3480 227 3542 Ι.
254 3478 439 3548 Incendium,
464 3479 583 3556 quando
609 3480 652 3547 fit,
677 3497 736 3535 non
760 3487 804 3534 est
825 3474 948 3551 ampiiirs
962 3475 993 3530 in

58 3572 203 3636 potestate
216 3559 391 3627 mandantis,
407 3560 470 3616 crim
485 3558 541 3636 ipsi
556 3559 736 3637 impossibile
760 3557 799 3615 sit
819 3567 891 3613 tunc
918 3553 994 3611 illud

60 3642 203 3719 impedire
213 3663 223 3711 ;
238 3641 321 3716 atqui
332 3639 413 3717 quod
425 3660 486 3698 non
495 3652 538 3698 est
546 3641 575 3698 in
587 3640 710 3716 alicujus
719 3645 872 3716 potestate,
881 3655 941 3693 non
950 3644 994 3692 est

58 3721 111 3791 ipsi
125 3720 332 3788 voluntarium,
348 3721 510 3796 nequidem
523 3721 688 3782 indirecte:
710 3741 792 3802 ergo,
807 3716 863 3780 et'c.
