2152 4066
119 87 186 154 126
490 107 689 152 reseratus

141 257 180 315 N.
208 265 258 327 91.
299 254 358 314 DE
381 255 586 314 TEMPORE
608 253 826 313 ANNORUM
849 256 906 344 AB
929 256 1044 316 ORBE

486 353 694 413 CONDITO.

122 516 146 572 Ι.
170 515 233 583 Quo
250 533 324 571 enno
350 513 446 571 ruendi
468 522 552 571 notus
576 512 612 570 eit
636 512 776 573 Christus.
821 513 863 571 II.
888 512 1066 591 Differentio

159 591 249 669 tertiis
260 592 349 673 groeci
370 602 396 652 et
409 591 542 650 hebraici.
585 593 644 652 ΙΙΙ.
672 592 819 652 Dissentio
843 593 879 650 de
897 592 982 650 enuit
1002 605 1063 670 post

165 672 309 732 Christum
325 681 428 730 natum.

167 834 287 908 QUOT
302 832 371 890 anni
384 832 475 910 elapsi
487 842 557 889 sunt
567 835 582 890 i
594 831 739 891 creatione
752 831 856 889 mundi
871 837 882 890 Ρ

166 914 236 973 I.R.'
265 914 443 990 Discrepant
456 913 532 969 inter
547 932 577 969 se
599 912 782 990 Chronologi
804 915 894 989 quim
916 910 1057 971 maximi:

128 993 204 1052 Sunt
218 993 270 1071 qui
282 1003 441 1051 numerant
459 992 538 1050 ultra
553 1000 641 1063 5000,
656 992 714 1050 imd
730 993 817 1050 etiam
829 991 908 1051 6000
920 1009 1057 1050 annorum

124 1073 263 1132 imundo
274 1072 394 1132 condito
404 1092 499 1149 usque
512 1071 551 1130 ad
563 1073 713 1131 Christum
723 1083 828 1130 natum
837 1096 847 1144 ς
858 1071 901 1131 sic
914 1067 1056 1149 Martyro-

123 1153 237 1232 logium
254 1157 417 1212 Romanum
430 1153 512 1219 dicit,
528 1152 679 1211 Christum
689 1165 792 1212 natum
804 1158 904 1210 annot
920 1153 1061 1235 creatione

123 1233 228 1292 mundi
240 1242 257 1294 5
279 1243 327 1304 99.
371 1232 434 1290 Alii
445 1243 564 1309 ponunt
578 1233 693 1292 circiter
701 1241 781 1293 4000
795 1253 940 1291 annorum
957 1235 972 1290 i
987 1250 1059 1291 crea·

125 1314 205 1372 tione
218 1314 324 1372 mundi
338 1332 433 1390 usque
447 1312 485 1370 ad
507 1313 692 1372 nativitatem
707 1313 826 1373 Christi.

166 1394 210 1452 Il.
226 1394 403 1452 Differentia
416 1392 467 1451 illa
477 1393 568 1451 oritur
577 1413 614 1452 ex
624 1413 668 1464 eo,
681 1393 762 1472 qudd
775 1401 875 1452 textus
887 1393 1061 1464 Hebraicus,

125 1474 174 1532 cui
184 1473 343 1533 conformis
358 1483 403 1532 est
416 1472 538 1550 vulgata
546 1484 657 1545 nostra,
666 1474 837 1552 discrepem
848 1475 954 1532 Graeco
977 1475 1060 1532 Lxx

125 1556 326 1632 Interpretum
341 1554 456 1613 circiter
472 1561 549 1613 1500
563 1555 648 1613 annis
656 1578 666 1629 3
680 1555 747 1613 crim
762 1554 794 1612 hi
804 1554 906 1632 primae
915 1564 946 1613 et
962 1573 1062 1612 secun-

126 1635 171 1692 de
185 1635 279 1693 aetatis
291 1633 469 1693 Patriarchis
477 1644 522 1693 tot
528 1654 672 1693 annorum
682 1634 829 1694 centurias
837 1634 912 1722 plus¹
920 1634 1060 1703 tribuant,

128 1719 218 1792 quim
233 1724 333 1773 textus
348 1715 503 1772 Hebroeus.
898 1787 902 1791 ¹
1002 1749 1007 1755 ·

168 1795 285 1854 Decisio
302 1793 429 1871 proinde
449 1795 617 1872 questionis
636 1795 748 1873 pendet
758 1797 795 1855 ab
809 1814 853 1866 eo,
881 1803 1062 1853 intertextus

125 1875 163 1934 sit
185 1875 389 1952 praeferendus
412 1894 467 1951 pro
482 1874 704 1952 Chronologih?
728 1876 818 1934 Multi
846 1875 1060 1954 preferendum

125 1965 245 2013 censent
259 1956 452 2024 Hebraicum,
479 1956 528 2013 cui
542 1956 701 2013 conformis
715 1967 760 2014 est
781 1955 904 2034 vulgata
922 1965 1033 2024 nostra,
1048 1958 1061 2013 i

126 2035 304 2094 Tridentino
322 2034 493 2095 authentica
510 2035 664 2093 declarata.

160 2116 221 2174 ΙΙΙ.
234 2116 348 2174 Pariter
359 2115 436 2173 circa
450 2135 543 2174 annos
553 2126 621 2192 post
633 2115 783 2174 Christum
801 2127 904 2175 natum
918 2115 1062 2174 dissensio

127 2206 184 2253 est:
208 2195 261 2253 sed
274 2216 376 2273 parva,
388 2196 476 2273 juxta
490 2215 578 2254 aeram
590 2195 753 2272 vulgarem,
779 2215 844 2274 quae
868 2207 913 2255 est
931 2195 1062 2273 Epochs,

131 2296 220 2352 quam
248 2275 382 2335 Ecclesia
410 2275 517 2333 Latina
538 2276 681 2353 sequitur,
703 2277 818 2354 agimus
832 2296 913 2335 nunc
927 2281 1062 2334 annumi

128 2355 290 2415 Nativitate
304 2354 416 2413 Christi
431 2355 508 2421 1786
519 2378 527 2414 :
539 2366 668 2414 attamen
677 2367 810 2435 putatur,
826 2357 907 2436 qudd
919 2356 1067 2415 Nativitas

127 2435 280 2507 Christis,
296 2445 325 2504 4,
342 2443 370 2506 5,
390 2434 439 2494 vel
459 2438 488 2505 6,
511 2437 596 2494 annis
617 2456 706 2495 aeram
731 2438 885 2514 vulgarem
898 2437 1046 2516 precedat
1055 2461 1067 2507 ;

127 2515 200 2573 adeo
213 2526 248 2575 ut
257 2516 345 2595 juxta
359 2515 522 2593 Capelium,
531 2516 726 2594 Pagium‚etc.
738 2518 790 2595 qui
801 2517 953 2577 Christum
963 2529 1067 2575 natum

127 2597 252 2656 sustinet
265 2618 317 2656 sex
330 2597 415 2655 annis
428 2606 497 2654 ante
511 2614 600 2654 aeram
614 2596 777 2674 vulgarem,
788 2597 850 2675 jam
864 2618 961 2656 annus
974 2599 994 2655 h
1007 2599 1067 2655 Na·

126 2676 241 2733 tivitate
256 2677 365 2736 Christi
387 2677 425 2735 sit
447 2681 543 2746 1792:
570 2678 731 2735 communis
745 2688 852 2735 tamen
874 2676 1065 2755 computandi

127 2754 233 2814 modus
249 2768 369 2815 nonest
392 2754 607 2833 corrigendus;
634 2759 703 2836 quia
717 2759 779 2816 sine
790 2760 1016 2835 perturbatione
1037 2768 1060 2816 et

129 2836 303 2895 confusione
313 2838 345 2894 id
360 2837 423 2895 fieri
434 2855 494 2894 non
507 2848 616 2913 posset.
889 2848 893 2855 ¹

269 2998 308 3057 N.
331 3003 379 3066 92.
401 2997 459 3056 DE
482 2997 622 3057 OPERE
645 2990 928 3059 SEX'DIERUM.
977 3036 980 3041 ·

440 3155 471 3216 S.
488 3157 582 3217 Ttom.
597 3168 692 3240 quoest.
709 3166 756 3225 74.
816 3177 819 3181 ’

130 3322 154 3378 Ι.
170 3319 227 3376 Sea
241 3320 338 3380 diebus
339 3317 490 3397 formatus
497 3326 537 3377 est
547 3320 678 3379 mtrrrdus.
720 3318 761 3377 11.
779 3317 881 3398 Opinio
895 3317 928 3377 S.
945 3315 993 3376 Au
1052 3361 1060 3378 .

169 3397 228 3469 111.
244 3398 358 3467 ,Tribus
370 3396 514 3476 prioribus
536 3399 634 3458 diebus
644 3397 712 3476 suit
735 3398 784 3455 tue
798 3397 925 3477 quedam
946 3396 981 3452 'di
1007 3416 1060 3455 usu.

121 3496 124 3501 ·
166 3477 221 3535 lV.
238 3479 408 3558 Explicatur
418 3475 468 3535 fiat
481 3478 543 3536 lux.
567 3480 607 3536 V.
620 3477 685 3542 Qua
700 3476 770 3534 anni
780 3484 940 3554 tempestate
950 3476 1062 3534 munte

120 3560 129 3592 '·
165 3557 203 3614 sit
216 3564 335 3617 creatus.
370 3554 868 3636 V1.Aatepeceutumfutrtepinae,
904 3554 977 3613 VII.
998 3554 1064 3613 Ant

168 3635 255 3708 mult‘a
253 3637 370 3714 ferocia
383 3646 408 3696 et
422 3648 566 3696 venemur.-
723 3676 726 3681 >
980 3674 985 3682 .

169 3795 352 3869 QUANTO
367 3798 509 3876 temporis
524 3796 620 3878 spatio
632 3805 747 3856 creatus
761 3805 806 3854 est
815 3793 967 3854 mundus?
1015 3873 1017 3877 ἲ
