2160 4072
99 108 164 175 1³0
377 138 380 143 ·
467 126 693 173 naccam

138 274 211 334 VII.
231 274 437 334 Tertullianus
454 275 567 333 animas
578 293 642 334 asae
655 293 692 333 ex
705 272 831 333 traduce
843 273 979 343 asseruit,
1000 273 1017 331 il

96 366 150 423 eat,
165 355 292 414 animam
305 355 397 433 prolis
414 357 575 433 propagari
594 376 632 414 ox
644 355 742 414 auimt
756 353 901 432 parentis,
917 373 967 412 acu
983 372 1017 431 pa

95 437 239 494 virutum
253 454 290 493 cx
303 436 401 495 animt
411 436 543 514 parentia
552 438 585 494 in
598 436 710 495 semiue
719 435 864 493 relictam.

137 517 257 575 Dubius
271 516 348 575 circa
360 516 437 575 hanc
451 534 515 574 ram
531 516 590 574 fuit
605 518 635 575 S.
649 519 791 591 August,
805 532 900 592 quem
920 524 1017 574 aacutu

93 609 141 657 εει
155 599 264 656 Beatus
277 596 460 673 Gregoriua;
482 593 586 654 verum
599 597 723 655 aliorum
738 595 862 654 Patrum
873 594 1017 655 communi

65 724 80 755 a
95 689 141 737 εει
150 677 303 736 sententia.
321 677 417 735 Dcum
429 676 557 735 creando
570 674 869 752 animascorpmibua
878 676 965 733 unire
972 675 1017 746 ;iu

96 757 249 827 santantl'a,
275 759 374 816 Deum
402 756 531 815 creando
550 757 662 819 animas
681 757 856 833 corporibus
868 755 958 813 unire
963 776 973 826 ς
993 756 1017 815 iu

95 837 227 917 quidem,
242 848 286 898 ut.
302 839 331 896 S.
346 838 403 896 Th.
420 848 524 915 quaest.
541 845 605 898 118.
619 838 677 896 hoc
690 836 770 895 dicat
783 852 847 895 eaaa
861 835 902 894 do
915 835 1017 897 fideti

93 930 195 977 tamon
208 918 302 995 aliqui
315 928 436 995 negant,
451 923 484 977 co
500 918 580 994 quod
590 936 651 976 nou
663 917 758 996 possit
770 919 924 995 aperto-cx
938 915 1017 1057 Sus

95 1004 174 1069 tuat,
188 997 346 1057 traditione
367 1008 421 1056 aut
444 997 586 1057 Ecclesiae
606 996 919 1075 definitionaprobari.
963 996 995 1052 V‘

96 1078 231 1156 Sylvium
248 1089 274 1138 1.
287 1089 365 1156 part.
376 1090 479 1157 quoest.
493 1086 543 1149 90.
561 1090 614 1138 art.
627 1087 654 1138 3.
671 1078 795 1156 qnaeaito
809 1086 837 1136 2.

135 1160 219 1232 Quid
233 1170 277 1218 εει
292 1160 402 1218 Anima
415 1159 565 1218 humana?

134 1240 225 1298 VIII.
244 1242 278 1299 R.
294 1239 466 1298 Substantia
480 1240 563 1298 finita
576 1239 738 1317 spiritualia
751 1238 789 1296 ad
808 1256 918 1316 corpus
932 1237 1017 1299 huma

92 1338 164 1377 num
175 1321 319 1378 ordinata.

135 1400 276 1459 Animam
300 1400 461 1459 humanam
487 1420 550 1459 εεεε
573 1398 756 1478 spiritualem
777 1409 808 1456 ct
828 1397 1017 1456 immortale!

94 1481 254 1558 probatum
267 1491 313 1539 εει
325 1481 363 1539 N.
376 1487 405 1539 3.
419 1488 441 1515 “
451 1481 490 1539 da
503 1491 632 1559 quatuor
646 1478 849 1538 Novissima?

138 1562 194 1619 IX.
207 1561 344 1635 Quilibet
351 1559 441 1620 homo
448 1561 539 1620 habet
549 1561 667 1619 unicam
677 1561 805 1618 animam
814 1558 1017 1618 Intellectivan

95 1660 164 1718 quae
174 1641 278 1698 animm
293 1640 442 1701 sonaitIvoe
455 1653 486 1701 ot
499 1639 784 1720 vegetativaofficiis
798 1639 946 1716 fungitur.

137 1721 296 1794 Quomodo
310 1722 418 1780 Genea.
431 1742 494 1799 cap.
518 1731 542 1780 l.
555 1740 584 1781 v.
599 1728 647 1785 27.
664 1720 771 1781 dicitcr
784 1719 875 1778 homo
887 1719 984 1778 factata
994 1736 1017 1776 aa

97 1800 256 1877 imaginem
272 1811 302 1859 ει
315 1801 539 1861 similitudinem
554 1801 633 1860 Dei?
1009 1854 1012 1859 .

139 1882 177 1938 X.
194 1883 230 1940 R.
253 1880 419 1941 Secundum
439 1883 565 1941 animam
580 1882 670 1941 homo
684 1882 842 1961 tripliciter
855 1881 916 1939 dici
937 1892 1017 1958 pote!

100 1961 203 2039 Imago
219 1963 286 2033 Dei,
304 1963 389 2040 juxta
404 1964 433 2023 S.
448 1964 554 2020 Thom.
569 1980 598 2038 q.
613 1971 661 2032 93.
676 1973 731 2022 art.
746 1974 775 2022 4.

139 2040 176 2098 1⁰.
187 2039 441 2114 Quatenisanima
449 2055 494 2103 εει
501 2042 748 2121 naturalitorapta
758 2043 797 2102 ad
806 2039 1017 2118 intelligendum

96 2131 126 2179 et
140 2123 299 2181 amandum
313 2124 421 2183 Deum.

136 2201 179 2261 2⁰.
195 2202 346 2274 Quatenus
357 2224 410 2281 per
424 2203 513 2262 fidem
526 2214 557 2262 ει
569 2204 741 2262 charitatem
753 2202 905 2281 cognoscit
914 2212 947 2260 et
957 2204 1017 2259 amal

99 2279 199 2340 Deum
213 2285 483 2360 supernaturaliter.

138 2360 178 2420 3⁰.
195 2359 350 2436 Quatenais
363 2384 416 2440 per
429 2365 531 2433 lumen
549 2364 652 2441 glorioe
677 2374 707 2422 et
725 2364 897 2423 charitatem
921 2360 1016 2424 Paula

100 2441 199 2500 Deum
213 2445 342 2521 perfecto
351 2446 503 2523 cognoscit
513 2455 542 2504 et
554 2456 642 2503 amat.
1008 2460 1011 2465 ’

139 2524 238 2582 Prima
251 2525 351 2600 imago
363 2525 473 2584 dicitur
493 2526 592 2602 imago
605 2537 728 2594 natum,
743 2536 774 2584 et
786 2525 928 2582 convenit
940 2517 1013 2580 ond⁴

96 2599 333 2663 bacnominibus
345 2626 353 2663 ε
367 2607 498 2665 secunda
506 2617 629 2664 vocatur
636 2607 735 2682 imago
744 2605 857 2682 gratia,
869 2617 898 2664 et
907 2598 1017 2682 propudi¹

97 2692 143 2739 εει
157 2684 226 2742 solis
236 2685 343 2762 justis:
357 2688 427 2745 terti
438 2688 553 2764 aimago
566 2687 767 2745 similitudinis
787 2685 902 2762 gloaiae,
916 2694 946 2743 ct
963 2690 1017 2741 oth

99 2764 181 2821 venit
195 2765 264 2822 solia
278 2766 385 2825 Beatia
1015 2792 1017 2797 ¹

99 2923 128 2980 N
139 2844 297 2984 ιὲιὲοωοάο
306 2845 338 2903 in
348 2847 469 2905 homine
479 2847 517 2905 sit
526 2847 626 2924 Imago
640 2846 691 2905 SS.
704 2847 860 2906 Trinitatis
869 2837 1017 2906 dictauit?

141 3004 227 3063 Ratio
246 3005 385 3084 imaginis
405 3008 494 3066 etiam
517 3007 700 3068 considerari
722 3018 822 3087 potest
841 3007 874 3064 in
898 3026 942 3077 eo,
955 2994 1015 3083 quii

99 3084 189 3144 homo
203 3087 240 3144 sit
252 3084 340 3145 liberi
354 3088 480 3158 arbitrii,
495 3086 699 3147 etdominium
719 3090 833 3147 habena
857 3106 946 3166 super
963 3082 1015 3142 tlitt

97 3178 257 3224 creaturas.

139 3247 240 3305 Homo
250 3245 414 3306 secundum
428 3266 537 3325 corpus
549 3266 610 3306 non
624 3260 669 3307 ost
682 3251 781 3326 imago
798 3248 875 3320 Dei3
890 3246 958 3305 licat
969 3261 1016 3302 ωι-

98 3342 157 3403 pua
167 3327 206 3385 ait
216 3327 353 3406 quaedam
363 3324 459 3404 ligura
468 3330 576 3387 mentia
586 3338 616 3387 ει
629 3330 777 3388 attestatio
789 3329 876 3387 istius
890 3322 1017 3405 imagini&

97 3408 211 3465 rationo
239 3417 359 3466 staturae
385 3419 415 3467 ct
438 3407 537 3466 vultis
561 3410 592 3467 in
619 3409 712 3469 altum
726 3410 831 3468 erecti:
854 3420 889 3466 ut
903 3404 959 3465 hoc
970 3407 1017 3481 ipa

97 3486 302 3558 admoncatur,
313 3488 354 3547 ait
368 3488 397 3546 S.
413 3491 554 3565 August„
566 3508 628 3548 non
641 3490 697 3549 sibi
711 3501 838 3561 terrena,
851 3488 935 3546 velut
947 3502 1017 3565 peto·

99 3564 192 3638 ribus,
206 3568 377 3647 spectanda,
397 3584 534 3648 quorum,
550 3571 620 3648 qula
633 3570 771 3650 voluptas
782 3588 820 3630 ex
839 3568 918 3628 terri
932 3580 982 3635 eat,
997 3562 1017 3620 it

97 3645 199 3706 alvum
208 3659 401 3728 pronamque
410 3660 559 3728 prostrata
572 3660 650 3711 sant.
