2160 4072
168 122 215 166 ns.
238 121 382 166 seinos
404 122 572 168 nonanis
674 118 682 131 ¹
781 52 842 178 inl

43 277 158 328 stomin
171 271 259 345 quini
275 270 386 336 Deum,
411 269 464 329 sed
483 291 545 329 non
557 273 636 350 plus,
651 279 745 353 quiui-
756 277 843 358 diligi

43 360 168 418 reaturo,
182 349 213 405 in
222 348 275 407 illo
288 360 358 408 actu
378 367 438 408 non
453 363 557 428 peccat
568 357 737 429 mortaliter.
750 376 838 418 casus

45 430 68 486 si
88 429 157 507 quis
169 440 248 487 amet
261 441 407 507 pai-entes,
419 444 510 508 prout
524 432 618 503 decet,
633 448 708 513 puta
719 438 758 496 ad
768 439 839 510 duo,

43 529 78 567 nn
93 520 172 567 amet
184 511 293 578 Deum,
308 509 357 568 vel
366 530 434 568 eum
448 515 566 570 tannim
580 527 659 574 amet
672 518 711 576 ad
729 538 843 577 unum:

43 611 65 647 n
76 608 137 646 non
151 590 270 668 praefert
283 610 412 649 amorem
422 603 565 652 ereaturae
578 596 654 666 Deo,
679 596 746 657 etim
760 599 844 658 nulls

43 671 187 747 mparatio
197 691 249 728 seu
261 671 374 728 relatio.

43 772 48 808 ι
62 751 170 827 collige
180 750 253 828 quid
266 750 439 828 responderi
450 753 564 821 debeat,
577 755 601 813 si
612 767 731 834 petatur
739 757 840 817 uti-iim

43 831 214 902 ortaliteris‚
222 831 273 908 qui
284 831 353 909 plus
363 843 442 891 amat
450 845 623 906 creaturam,
635 841 724 914 quim
731 840 842 900 Deum.
867 847 869 850 '

215 1183 437 1262 QUAEs'rlo
460 1184 530 1248 111.

71 1334 78 1345 ’
171 1357 229 1414 DE
252 1357 564 1417 omnisomnis.

43 1673 120 1731 ¹DE
143 1671 433 1732 DEFINITIONE
457 1670 781 1768 BEATITUDIle.

217 1835 247 1896 S.
276 1839 372 1898 Thoma
386 1846 483 1917 quoest.
503 1845 531 1895 2.

43 2005 96 2061 iccio
119 2002 254 2062 dividitur
266 2002 295 2060 in
307 2004 470 2082 objectivam
493 2010 519 2060 et
530 1999 685 2072 formalem.
728 1999 770 2060 ll.
787 2000 844 2062 Oh.

43 2126 44 2131 κ
59 2103 112 2139 non
126 2089 167 2141 est
182 2083 282 2142 boum
305 2090 436 2141 creatum.
479 2079 539 2141 lli.
555 2080 612 2138 Sed
623 2077 698 2137 solus
711 2080 800 2142 Dm.

43 2251 54 2305 )
70 2259 114 2329 est
126 2250 302 2311 beatitudo?

43 2330 91 2386 sse·
104 2340 196 2390 status
220 2329 351 2389 omnium
375 2333 523 2391 bonorum
543 2327 755 2408 aggregatione
771 2347 840 2408 per-

43 2488 97 2547 itur
111 2489 143 2547 in
157 2490 333 2568 objectivam
348 2511 400 2550 seu
415 2488 605 2558 materialem,
620 2498 656 2547 et
663 2487 838 2547 fonnslem:

43 2580 104 2628 test
114 2570 227 2629 bonum
239 2570 317 2637 illud
326 2572 502 2649 perfectum,
518 2589 570 2627 sen
580 2587 629 2626 res
638 2566 690 2626 ills
703 2586 740 2625 ex
754 2567 840 2647 cujus

43 2669 84 2707 ne
94 2649 183 2709 homo
196 2649 332 2710 redditur
344 2654 458 2720 beatus,
473 2646 604 2707 formalis
618 2647 687 2706 vero
701 2657 747 2706 est
759 2647 840 2708 illius

43 2749 111 2788 ssio.

43 2810 109 2868 nbat
123 2808 152 2867 S.
167 2809 273 2869 Thom.
289 2823 391 2889 quaest.
413 2819 442 2870 2.
471 2807 552 2888 quid
564 2807 718 2874 beatitudo
739 2820 840 2868 nostro

43 2913 51 2947 ι
64 2910 116 2948 seu
129 2891 288 2950 mateiialis
310 2912 368 2949 non
382 2891 477 2969 possit
490 2891 649 2949 consistere
675 2888 707 2946 in
717 2888 839 2960 divitiis,

43 2990 73 3036 ie,
87 2971 176 3040 fami,
197 2970 302 3048 glorii,
330 2971 491 3050 voluptate,
518 2982 571 3029 aut
583 2971 614 3028 in
624 2968 683 3027 olio
696 2988 840 3047 quocum-

43 3071 54 3107 >
67 3061 176 3122 creato,·
187 3050 266 3128 quia,
277 3053 343 3110 siim
356 3052 505 3129 objectum
514 3048 664 3130 appetitis
672 3069 724 3108 seu
735 3049 840 3119 volun·

43 3141 89 3188 trae
104 3130 142 3189 sit
154 3131 265 3189 bonum
277 3130 361 3200 illud,
373 3132 454 3209 quod
467 3131 554 3210 plene
566 3131 650 3190 satiat
663 3129 839 3207 appetitum,

43 3231 65 3268 ie
78 3213 189 3269 bonum
205 3211 391 3283 universale3
408 3213 506 3270 omnia
530 3222 629 3271 autem
652 3210 730 3268 bona
742 3210 838 3269 trenta

43 3291 183 3362 :icularia5
194 3311 266 3370 ergo
279 3311 339 3350 non
352 3303 478 3370 possunt
490 3290 577 3370 plene
591 3287 756 3369 appetitum
771 3306 839 3348 nos-

41 3372 111 3441 iare,
126 3371 221 3439 sicuti,
237 3373 307 3450 quia
319 3373 469 3452 ob'pctum
494 3369 659 3430 intellectis
685 3378 729 3426 est
754 3375 774 3402 ‘⁸
788 3387 840 3427 ve·

45 3450 121 3509 nihil
134 3450 221 3529 plens
234 3453 416 3513 intellectum
430 3452 562 3530 quietare
583 3459 690 3528 potest,
703 3444 760 3504 nisi
771 3449 839 3507 uni·

43 3552 140 3590 erum.

43 3612 97 3670 inc
112 3613 255 3690 sequitur,
268 3614 348 3690 quiid
362 3612 516 3671 beatitudo
530 3622 630 3669 nostra
639 3608 788 3687 objectiva
802 3610 840 3668 sit

45 3713 80 3749 ns
87 3716 101 3761 ,·
115 3694 184 3768 quia
196 3694 261 3769 ipse
275 3693 355 3752 solus
378 3705 423 3752 est
436 3694 551 3752 bonum
564 3688 738 3763 nniveissle
757 3689 848 3748 etin·

50 3771 123 3827 ln'nc
136 3771 211 3830 dicit
225 3774 339 3847 David,
359 3777 405 3836 Ps.
421 3777 469 3838 16.
483 3799 513 3838 v.
528 3785 577 3839 15.
593 3784 611 3811 “
625 3773 784 3843 Sinthos,
796 3767 870 3828 sinn
