2160 4072
961 35 1051 45 --v—

226 121 230 129 ·
284 112 331 156 na
353 110 497 159 romnus
519 110 688 157 nonanis
896 95 963 161 rut

43 250 175 329 eceptio,
197 267 266 314 aunt
287 258 468 333 aquabona
480 255 640 326 moraliter,
662 274 715 315 seu
728 271 766 314 ex
778 275 869 334 opere
888 278 960 336 ope-

43 331 125 404 rtis3
149 335 287 411 quamvis
307 336 373 413 ipsa
395 337 545 414 susceptio
561 336 684 414 insuper
698 335 794 395 valeat
811 356 848 395 ex
867 357 960 417 opere

43 422 158 484 erato;
172 413 226 473 sed
237 415 318 475 hunc
332 417 458 476 valorem
472 417 518 475 illi
531 415 658 477 contulit
667 415 811 476 Christus.

45 491 200 553 Similiter
213 496 252 554 ob
265 497 441 574 martyrium
464 497 561 575 reipst
576 496 735 555 toleratum
749 515 786 554 ex
799 497 959 576 privilegio

43 579 100 629 tur
114 573 252 651 specialis
264 576 392 648 aureola,
412 597 480 655 quar
492 596 552 636 non
564 576 653 635 datur
666 576 787 635 habenti
801 577 892 637 solam
906 599 959 637 vo·

43 661 160 711 ntatem
172 656 317 735 martyrii.
486 716 489 722 ,

49 732 157 809 Opera
166 735 238 794 item
249 736 441 797 satisfactoria
448 747 579 807 externa,
591 746 625 796 ut
634 736 781 816 jejunare,
796 737 958 817 ele'e'mosy·

43 831 79 869 un
89 811 173 883 dare,
187 824 242 874 etc.
251 816 320 894 plus
331 817 470 875 valentin
481 818 594 875 ratione
604 817 810 876 satisfactionis
820 837 876 895 pro
886 839 956 895 pec·

43 891 95 960 ²1⁸,
115 913 178 957 non
191 897 275 973 quasi
289 916 389 956 coram
403 898 470 957 Deo
482 897 587 956 melior
601 899 649 968 sit,
670 897 723 975 qui
737 917 765 955 v.
779 919 809 975 g.
826 897 953 976 jejunat,

43 971 103 1030 nm
112 975 166 1051 qui
177 977 323 1036 efficacem
333 977 584 1056 habetjejunandi
592 978 785 1046 voluntatem,
794 989 825 1036 et
834 977 955 1038 aliunde

44 1052 209 1113 voluntarie
219 1057 382 1136 impeditur
392 1081 403 1129 ς
415 1058 469 1117 sed
482 1059 552 1135 quia
565 1057 647 1117 valor
661 1057 868 1116 satisfactionis
880 1079 955 1136 pen-

43 1135 165 1226 aetiam
179 1137 218 1194 ob
232 1158 330 1216 opere,
345 1141 488 1216 quatenus
502 1149 549 1197 est
561 1137 687 1218 poenale,
708 1157 760 1196 seu
774 1158 844 1197 vera
858 1159 954 1217 poenae

43 1230 50 1269 r
86 1233 172 1272 asaro.

50 1231 125 1372 libj.
142 1295 184 1353 ll.
214 1300 309 1358 Actus
330 1298 458 1358 exterior
483 1299 557 1358 furti
581 1298 676 1377 magis
698 1308 787 1357 nocet
806 1300 952 1377 proximo,

43 1375 99 1431 tim
114 1374 177 1433 sola
190 1377 344 1439 voluntas:
365 1399 438 1456 ergo
449 1389 495 1438 eet
507 1378 603 1458 majus
619 1389 783 1456 peccatum.

52 1453 88 1511 R.
103 1456 183 1514 Dist.
197 1459 330 1518 anteced
344 1461 439 1536 magis
452 1472 548 1529 nocet,
570 1457 784 1518 considerando
804 1458 950 1531 effectum,

43 1551 93 1593 ure.
107 1549 203 1596 antec.
215 1539 309 1617 magis
321 1551 418 1610 nocet,
433 1539 648 1612 considerando
662 1537 800 1609 allectum
813 1539 950 1610 furantis,

43 1632 76 1689 g.
90 1627 186 1675 antec.
334 1666 352 1681 .,

51 1694 121 1773 Obj.
133 1697 194 1757 ΙΙΙ.
213 1701 299 1777 Ergo
310 1720 372 1759 non
384 1711 502 1778 oportet
513 1711 612 1759 actum
621 1710 775 1760 externum
787 1698 953 1776 exprimere

54 1776 254 1839 confessione:
271 1781 342 1858 quia
355 1782 462 1840 sufficit
474 1781 640 1859 exprimere
653 1790 747 1839 totam
759 1779 910 1837 malitiam.

49 1853 103 1913 Vl.
119 1859 155 1916 R.
167 1860 254 1938 Nego
264 1862 434 1938 sequelam
448 1873 533 1920 actus
542 1861 622 1920 enirn
631 1861 759 1919 exterior
767 1862 835 1919 vere
846 1879 951 1936 pecca·

43 1954 74 1993 m
87 1948 143 2007 est,
158 1943 293 2016 quamvis
306 1941 402 2000 malus
415 1961 475 2000 non
489 1942 536 2011 sit,
550 1940 608 1999 nixi
618 1940 729 2005 melitii
742 1938 822 1998 actus
833 1941 952 1998 interio-

43 2034 59 2072 r.
99 2016 218 2078 Deinde
230 2033 357 2099 negatur
377 2033 562 2098 assumptum
576 2020 758 2099 probationis
765 2041 775 2088 ,·
796 2019 950 2077 nonenim

43 2095 119 2156 alitia
128 2109 240 2158 tantum
250 2102 282 2159 in
291 2102 481 2162 Confessione
492 2101 617 2179 exprimi
627 2100 725 2171 debet,
738 2099 790 2158 sed
795 2109 949 2177 peccatum

43 2176 99 2235 ibet
119 2179 235 2260 integre
253 2203 304 2241 seu
324 2193 421 2240 totum
441 2181 578 2260 exprimi,
601 2181 736 2258 adeoque
755 2198 843 2239 omne
861 2179 949 2251 illud,

43 2257 89 2315 rod
102 2259 192 2320 habet
205 2264 349 2321 lationem
362 2263 486 2340 peccati,
501 2262 545 2320 uti
559 2261 649 2321 habet
662 2272 747 2321 actus
759 2271 909 2321 externus.

43 2336 237 2401 Deindeactui
246 2343 385 2401 exteriori
393 2346 470 2420 saepi
476 2361 625 2401 annexum
634 2354 679 2401 eet
687 2339 952 2410 scandalum,onus

43 2418 214 2490 stitutionis,
235 2424 365 2493 infamia,
380 2442 514 2492 censura,
527 2433 583 2481 etc.
598 2423 720 2500 insuper
733 2432 816 2481 actus
823 2419 951 2478 exterior

43 2503 368 2575 rpeoccasionaliterseu
373 2502 800 2578 peraccidensarlditmalitiam
807 2499 949 2570 interiori,

46 2597 100 2654 que
113 2581 270 2660 tripliciter
279 2584 368 2661 juxta
379 2585 408 2642 S,
420 2583 526 2641 Thom.
538 2592 594 2640 art.
605 2590 633 2641 t.
644 2582 675 2639 in
690 2589 710 2615 “
723 2581 832 2658 Corp.''
841 2598 950 2657 nempe

44 2662 180 2734 quantirm
192 2667 342 2723 occasione
352 2665 435 2722 actus
446 2663 570 2731 externi,
584 2662 707 2720 interior
718 2680 795 2738 saepe
804 2659 950 2737 multipli-

43 2747 101 2808 tur,
114 2740 290 2814 intenditur,
306 2765 358 2805 seu
371 2744 406 2801 fit
413 2746 507 2820 magis
516 2743 660 2812 intensus,
674 2741 723 2801 vel
733 2740 843 2799 diutius
853 2741 948 2799 conti-

43 2830 125 2880 mtur.
166 2826 269 2901 Atque
282 2825 328 2883 hae
340 2824 523 2902 potissimum
531 2843 627 2883 causae
638 2830 716 2893 aunt,
731 2821 770 2880 ob
780 2840 854 2898 quas
865 2831 950 2882 actus

43 2909 145 2960 ¹»ternus
159 2903 190 2960 in
204 2905 388 2963 confessione
401 2905 510 2983 exponi
523 2903 639 2962 debeat.

43 2979 80 3037 td
87 2984 202 3059 praxim
209 2985 339 3043 deduces
346 2985 500 3062 praefatam
510 2984 747 3043 doctrinamcum
754 2981 946 3041 discretioner

43 3060 113 3119 enim
123 3083 194 3140 agas
205 3083 274 3123 cum
280 3067 400 3143 aegrotis
410 3075 440 3124 et
449 3063 672 3142 impotentibus,
683 3062 947 3131 consolaberiseos,

43 3140 87 3199 ud
100 3143 184 3202 Deus
199 3145 383 3205 voluntatem
398 3150 538 3222 quantrlm
555 3154 601 3203 est
619 3144 657 3202 de
675 3163 706 3202 se
725 3143 870 3201 efficacem
890 3161 948 3218 pro

43 3230 229 3300 ctoreputet:
246 3227 270 3283 si
282 3247 377 3284 sermo
388 3227 427 3285 sit
439 3245 507 3284 cnm
518 3224 637 3295 talibus,
649 3224 759 3302 quibus
768 3222 893 3280 facultas
903 3232 949 3279 est

43 3303 134 3361 nendi
147 3315 247 3363 actum
259 3318 423 3375 externum,
437 3305 576 3364 laudetur
589 3316 672 3363 actus
686 3302 746 3372 ille,
761 3303 831 3380 quia
844 3301 876 3363 in
889 3299 946 3369 his,

43 3379 153 3443 tinctus
163 3386 292 3444 exterior
303 3397 453 3464 sequatur,
468 3385 606 3444 voluntas
615 3404 676 3442 non
684 3393 821 3443 censetur
832 3381 945 3451 efficax,

43 3457 295 3536 timeravelleitas,
307 3487 372 3544 quar
383 3466 464 3544 apud
470 3466 570 3524 Deum
580 3484 635 3541 pro
643 3474 710 3522 actu
715 3470 945 3538 nonreputatur.

51 3540 192 3624 [lenique.
208 3548 232 3604 si
246 3560 350 3624 agatur
366 3549 403 3604 de
417 3546 532 3606 actibus
545 3545 639 3615 malis,
654 3544 815 3603 dicendum
829 3560 897 3599 cum
913 3541 947 3604 S.

43 3620 87 3696 lig.
100 3623 150 3684 lib.
167 3635 213 3686 13.
229 3630 250 3662 “
258 3628 296 3685 de
310 3628 472 3686 Trinitate”
483 3646 547 3702 cap·
559 3633 587 3685 5.
603 3633 621 3659 ‘⁸
636 3623 884 3690 Malivolum&
896 3621 945 3679 vel

47 3700 108 3773 solt,
119 3706 252 3785 quisque*
257 3708 347 3766 miser
355 3708 490 3778 efficitur,
505 3705 559 3766 sed
569 3705 706 3767 miserior
716 3713 877 3785 potestate,
890 3707 956 3778 qua

43 3777 201 3842 desiderium
212 3786 298 3844 malae
315 3789 479 3851 voluntatis
494 3788 643 3870 impletur
655 3794 681 3853 :’'
699 3792 735 3851 eo
749 3787 838 3870 quun
850 3782 976 3845 sources
