2160 4072
293 39 480 72 Ufflfflfflvwllffl
489 39 590 71 utvlntt
602 39 699 89 gsflbffl
713 39 805 70 luisse
816 39 1035 89 psaesffl'vaffllll,
1045 39 1076 68 lu

293 103 357 152 tum
372 93 517 171 originale
532 113 583 152 seu
594 92 740 151 maculam
754 113 813 150 non
826 91 1014 162 contraxerit,
1025 91 1076 149 hoc

293 171 481 236 immaculate
496 185 640 251 concepta
654 172 708 231 sit:
723 172 805 230 aliud
816 174 895 231 enirn
907 173 1030 231 omnino
1041 183 1076 229 est

294 252 353 312 isse
367 253 499 312 debitum
515 253 639 332 peccati,
661 264 691 311 et
712 252 804 323 aliud,
826 253 1008 312 contraxisse
1021 272 1076 330 pec

294 334 443 393 maculam
453 358 463 405 ;
485 335 572 393 sicuti
592 333 674 391 aliud
693 343 746 403 est,
767 333 877 399 habere
892 333 1029 392 debitum
1043 351 1076 388 m<

294 413 377 472 aliud
390 425 542 473 mortuum
556 434 627 473 esse.

336 496 412 553 Haec
431 495 576 554 sententia
597 494 777 553 conformior
800 505 844 553 est
866 493 1057 573 generalibus

296 576 392 635 Sacrae
404 584 434 632 et
445 576 497 634 SS.
511 577 631 647 Petrum
642 574 827 645 testimoniis,
842 577 999 653 aptiorque
1010 574 1049 632 ad
1058 594 1076 631 a

295 673 363 732 quae
378 672 415 713 ex
429 655 584 734 Scriptura
597 665 627 714 et
650 654 789 714 Patribus
807 668 910 716 contra
924 654 1076 713 immacul:

298 734 467 812 ceptionem
480 745 681 813 opponuntur,
704 735 855 797 solvenda.
872 771 878 775 -

337 812 375 871 In
398 813 454 873 hac
481 816 627 875 sententia
652 815 741 874 etiam
765 816 850 875 facile
874 815 1065 893 intelligitur,

297 893 378 956 Diva
402 894 498 975 Virgo
521 896 684 975 indiguerit
697 896 893 974 redemptore,
915 917 950 955 ac
965 895 1076 973 Sangui

297 973 337 1034 ait
348 975 512 1055 redempta.

338 1055 430 1114 Plura
445 1058 668 1116 Immaculatam
683 1058 913 1135 conceptionem
925 1074 1076 1115 concerner

294 1147 422 1229 pouaunt
434 1137 517 1216 apud
531 1137 641 1197 Bened.
658 1135 744 1199 XIV.
762 1133 804 1196 ‘de
829 1137 925 1197 Festis
939 1138 1039 1196 Beatae
1053 1136 1076 1192 lt

296 1213 384 1294 ginis.

299 1374 340 1436 N.
364 1383 432 1442 138.
467 1379 623 1440 UTRUM
645 1379 735 1440 ALII
759 1382 858 1440 SINT
881 1377 1076 1440 EXEMPTI

579 1461 693 1520 CATO
714 1459 960 1521 ORIGlNALl.

299 1617 325 1676 I.
345 1618 453 1680 Nullus
465 1619 575 1680 omnino
584 1629 692 1701 proeter
706 1619 848 1681 Christum
865 1629 891 1678 et
912 1617 1018 1677 Divum
1042 1615 1076 1674 Vi

338 1698 382 1756 ori
409 1700 475 1760 'nult'
496 1698 576 1763 liber.
616 1701 660 1759 ΙΙ.
682 1698 748 1757 Non
762 1700 887 1760 Jounner
901 1696 1048 1772 Baptista.

338 1776 381 1835 Su
434 1799 478 1837 on.
521 1781 574 1839 lv.
600 1779 699 1859 Neque
703 1777 766 1855 filii
775 1787 925 1854 pareutum
928 1773 1071 1851 fidelium.

338 1855 373 1915 de
403 1857 566 1918 miraculose
582 1860 712 1940 formato
737 1879 773 1917 ea
796 1876 881 1915 carne
902 1858 1034 1914 humanu.
1075 1856 1076 1859 ’

338 1955 393 1994 non
415 1936 529 2000 oroncii
551 1936 648 1998 habuit
668 1945 809 2000 peecatum
822 1934 968 2000 originale.
1008 1932 1071 1992 Vll
