2152 4066
14 39 75 62 mv
104 39 231 61 Ulmum·
274 39 288 57 Ιν
298 39 308 60 V
320 45 327 59 ι
344 39 497 60 ΠΝΗΙΙΜΝ
511 39 627 60 ΙΜΜΙΜ)
643 39 835 60 vuvvwmtmm

10 39 111 161 afficit.
152 81 189 139 V.
211 79 270 140 Sed
282 81 401 139 rationis
417 80 599 139 ratiocinata.
640 78 694 137 Vl.
710 78 788 144 Quid
799 80 836 140 eit

10 170 141 220 mentum
155 159 184 217 in
198 181 238 219 re.

10 321 268 381 ‚NOTANDUM
283 320 340 379 hoc
348 320 464 378 axioma
477 318 679 396 theologicum
693 318 836 379 “Omnia

10 404 84 460 rinis
98 414 166 460 sunt
180 401 294 470 eadem,
309 402 362 459 ubi
375 419 436 457 non
451 401 550 457 obstat
561 399 713 459 relationis
726 399 835 457 realis”

10 484 102 542 ritios‘
119 484 165 539 Ex
180 500 241 558 quo
253 482 397 559 sequitur,
412 479 493 557 quiid
508 480 606 538 omnia
619 479 762 538 attributa
776 480 835 540 Dei

10 564 79 622 liter
87 563 167 620 idem
178 581 245 619 cum
252 561 353 619 divina
363 561 499 629 essentia,
505 570 535 618 et
544 559 749 619 realiteridem
756 559 836 621 inter

10 645 93 721 :eptis
115 641 247 699 relativis
271 641 310 699 ad
333 643 421 711 intra,
443 642 521 698 inter·
535 660 602 717 quae
625 649 671 698 est
684 636 835 700 relatioiris

10 726 48 794 io,
63 722 154 802 proiit
164 733 209 780 est
219 721 295 780 inter
304 721 512 799 paternitatem
526 719 755 779 etfiliationem:
770 719 835 783 lraec

10 805 102 863 tidem
117 813 188 861 sunt
197 801 277 859 idem
288 821 355 861 cum
370 800 473 860 divina
480 799 607 859 essentia
614 800 741 877 aliisque
750 802 835 861 attri-

10 885 51 943 ed
67 884 186 942 realiter
199 883 278 939 inter
292 902 323 940 se
337 880 572 959 distinguuntur.

10 987 14 1022 e
24 965 145 1043 justitia
157 965 189 1021 in
200 963 267 1021 Deo
276 973 322 1021 est
334 961 409 1039 quid
422 961 541 1019 realiter
551 960 631 1021 idem
641 980 711 1021 cum
720 963 835 1022 miseri·

27 1046 168 1104 voluntas
191 1062 260 1101 cum
280 1042 435 1101 intellectu
445 1065 456 1113 ‚·
480 1042 551 1118 quia
570 1051 670 1101 tamen
691 1041 750 1101 dici
774 1062 835 1102 non

24 1128 126 1184 Deum
141 1123 248 1202 punire
270 1141 332 1200 per.
346 1143 430 1180 suam
448 1121 691 1190 misericordiam,
716 1124 769 1182 sed
781 1144 836 1202 per

10 1216 79 1264 tum
91 1228 100 1276 ;
114 1206 185 1263 hine
193 1202 293 1280 aliqua
305 1205 383 1262 certe
394 1203 472 1261 inter
485 1203 641 1262 Attributa
652 1203 764 1263 Divina
775 1205 834 1263 dis-

10 1296 53 1344 est
67 1283 259 1343 admittenda.

10 1367 88 1424 ritur
102 1366 204 1442 itaque
218 1357 314 1440 qualis
327 1361 379 1421 illa
392 1363 545 1422 distinctio
558 1365 597 1423 sit
610 1368 623 1423 Ρ

10 1491 12 1501 ,
24 1446 156 1506 Admitti
163 1464 224 1502 non
235 1454 332 1521 potest
346 1443 497 1502 distinctio
504 1444 592 1503 realis
601 1445 701 1503 stricte
711 1464 762 1503 seu
772 1465 834 1503 ιιιιι-

10 1549 31 1584 ae
42 1535 89 1585 est
102 1526 179 1584 inter
189 1543 253 1581 rem
263 1535 293 1582 et
307 1544 380 1593 rem,
394 1535 429 1582 ut
436 1535 520 1601 patet
529 1545 566 1583 ex
578 1526 667 1584 citato
678 1525 834 1584 axiomate.

10 1627 18 1664 ι
33 1610 126 1666 Cone.
150 1605 309 1681 Rhemensi
323 1606 378 1662 sub
392 1606 528 1680 Eugenio
539 1604 599 1664 lll.
613 1615 715 1663 contra
732 1607 835 1664 Porre-

11 1687 169 1746 definitum
180 1696 234 1754 est,
246 1687 346 1743 Deum
360 1703 421 1742 non
435 1685 491 1743 nisi
506 1684 659 1764 sapientia,
675 1691 734 1762 qut
752 1687 835 1744 Deua

10 1769 127 1825 rientem
140 1785 218 1824 esse:
235 1775 265 1823 et
275 1765 406 1843 capitulo
418 1783 587 1834 rrrrrrrrrrrr,
602 1767 634 1825 in
648 1766 716 1824 Deo
727 1765 836 1825 dieitur

10 1868 81 1905 nma
90 1846 225 1923 quaedam
234 1866 291 1916 res,
298 1866 366 1923 quae
376 1845 520 1904 veraciter
528 1856 574 1904 est
585 1846 682 1916 Pater,
692 1856 722 1904 et
730 1845 835 1915 Filius,

9 1929 68 1985 itus
83 1929 218 1986 Sanctus.
