2160 4072
186 114 274 196 obj.
289 113 519 193 obligatiorem
533 124 578 174 est
588 116 667 193 juris
677 104 851 174 ¹nutumliee
878 111 967 191 etqui·
975 111 1012 171 ill

163 196 393 277 urepotertrdr
401 205 513 254 metum
524 196 627 254 mortis
641 216 650 255 r
670 214 753 272 ergo,
767 205 824 254 ete.

171 302 175 309 ·
205 277 241 335 R.
257 280 284 337 N
287 294 334 353 eg.
347 294 467 354 oonseq.
484 275 640 345 Retio'est,
652 276 733 354 quod
743 272 915 351 cesuele‘gis
926 282 1012 331 netur

165 360 234 417 rere
247 376 308 415 uon
318 356 456 415 subsistet
467 380 476 428 3
488 355 559 433 quie
567 357 619 414 lex·
628 368 743 415 nuturae
755 376 817 414 non
829 355 947 432 obliget
959 353 996 411 ud
1008 380 1012 411 .·

164 437 306 516 piendum
318 437 501 507 votum-nisi
515 437 546 494 in
555 438 672 496 essibus
685 437 716 494 in
731 437 839 515 quibus
851 452 964 493 vovens
985 454 1013 493 se

163 518 268 597 gevit3
287 517 350 595 jum
363 528 462 576 eutem
473 516 587 575 vovens'
594 536 655 575 non
669 517 764 577 voluit
778 536 811 575 se
822 515 960 593 obligare
973 534 1012 573 eu=

163 597 336 658 rieulovitae
347 620 356 668 3
366 616 438 674 ergo
450 615 510 655 non
521 607 567 655 est
577 617 662 657 cesus
673 597 747 675 legis
760 606 882 655 neturae.

204 681 255 736 An
268 677 407 755 equidem
421 692 518 736 metus
529 696 591 734 non
601 677 741 736 diminuit
750 680 931 755 peceatum?

209 758 261 815 lv.
275 759 311 816 R.
324 757 433 827 Metus,
442 758 491 816 eui
505 757 681 836 adjungitur
692 756 926 816 involuntarium
941 776 1013 816 secu·

163 836 248 917 quid,
259 836 366 896 minuit
375 849 528 914 peccatum
533 861 542 909 ;
552 840 622 916 quia
632 838 739 896 minuit
751 836 953 896 voluntarium
961 837 1013 895 lib«

162 933 236 978 tune
254 918 330 977 enim
350 917 552 978 voluntarium
572 930 617 977 est
636 919 762 976 mixtum
789 937 857 977 eum
885 918 1013 975 involun

162 998 235 1057 ltine
247 998 306 1057 dici
315 996 398 1068 solet,
410 1006 431 1034 “
440 999 541 1057 Metus
550 1010 672 1057 excuset
682 1001 698 1055 i
707 1010 801 1067 tento,
814 1016 875 1055 non
885 997 903 1056 ὲ
913 1001 1006 1056 toto.''

206 1079 256 1137 An
270 1088 366 1137 metue
379 1081 496 1137 tanturn
510 1090 609 1155 potest
624 1076 800 1149 diminuere,
828 1089 863 1137 ut
878 1077 916 1135 de
930 1089 1013 1137 moro

166 1160 226 1219 eiet
237 1157 351 1217 veniale
369 1163 544 1235 peccatum?

207 1240 245 1298 V.
260 1240 296 1298 R.
311 1240 388 1296 Cum
399 1238 668 1316 Sylvionegative3
681 1239 753 1317 quis
764 1238 945 1317 supponitur
955 1236 1013 1315 obj<

167 1340 269 1400 grove,
278 1317 327 1377 eui
337 1317 451 1377 accedit
463 1318 661 1377 voluntarium
676 1319 849 1397 simpliciter
857 1318 986 1376 liberum
996 1342 1006 1390 3

166 1400 268 1459 omniu
289 1398 433 1475 requisitu
448 1394 487 1456 nd
510 1410 666 1476 peccatum
691 1399 811 1457 mortale
831 1398 950 1456 adsunt.
992 1400 1014 1457 P

168 1492 265 1540 metus
279 1478 317 1536 de
326 1477 433 1536 veniali
443 1496 502 1536 non
516 1489 613 1556 potest
627 1479 866 1538 iacere-nullum.

209 1562 262 1618 Vl.
285 1557 458 1617 Notandum
471 1569 580 1627 tamen,
606 1559 685 1636 quod
699 1559 723 1617 si
734 1570 831 1618 metue
844 1559 887 1617 ita
900 1578 956 1635 per
969 1576 1014 1616 ac(

167 1641 302 1699 turbaret
311 1639 464 1709 rationem,
487 1649 521 1696 ut
531 1638 651 1697 tolleret
660 1639 852 1699 sufficientem
861 1638 1014 1697 deliberati

168 1732 242 1779 tune
253 1728 377 1777 eatenus
387 1718 522 1777 excusari
532 1718 623 1776 homo
635 1731 735 1795 posset
758 1721 774 1776 i
788 1718 916 1788 mortali,
941 1719 1000 1777 imd

167 1801 241 1859 dum
252 1800 290 1857 ub
303 1798 383 1857 omni
400 1807 534 1876 peccato,
554 1810 678 1877 propter
690 1798 889 1857 omnimodum
903 1797 1014 1856 indelih

168 1892 254 1940 onem
268 1878 350 1938 tetdo
360 1900 372 1950 ,·
385 1880 485 1936 verum
500 1879 557 1937 hoc
565 1898 625 1936 non
636 1889 681 1937 est
689 1880 840 1957 proprium
851 1879 957 1948 metui,
972 1899 1011 1956 qu

168 1971 212 2020 set
225 1959 423 2018 voluntarium
433 1959 614 2037 simpliciter,
625 1968 654 2018 et
668 1959 706 2017 de
719 1979 749 2018 se
759 1960 902 2036 relinquit
915 1959 1014 2017 suffici<

167 2038 419 2098 deliberationem.

171 2202 208 2258 N.
224 2207 271 2265 ³7.
312 2198 370 2258 DE
392 2154 762 2260 contuntscnnrln
786 2203 830 2258 ln
853 2201 1014 2259 ORDINE

470 2281 802 2341 VOLUNTARIUM.

251 2441 281 2499 S.
300 2442 328 2500 T
326 2441 352 2499 h.
376 2449 471 2518 quest.
486 2439 514 2500 6.
528 2448 584 2499 urt.
597 2448 614 2507 7
640 2447 665 2497 et
676 2449 770 2517 quoest.
793 2448 840 2508 77.
856 2447 902 2498 urt
916 2438 944 2500 6.
960 2448 985 2498 et
1000 2447 1015 2504 7

172 2600 195 2657 l.
213 2595 449 2677 Concupiscentia.
493 2601 524 2659 ll
551 2597 615 2655 Atia
640 2599 809 2656 antecedens.
853 2598 913 2655 111.
928 2598 1015 2655 Alios

208 2694 302 2753 uerene.
346 2677 397 2736 lv.
413 2679 587 2738 Anteeeriens
611 2684 636 2733 et
660 2694 827 2755 consequens
848 2686 975 2754 respectu
1000 2699 1015 2734 o

210 2758 246 2814 V.
263 2759 437 2833 Consequens
446 2765 570 2836 respectu
584 2759 680 2831 operis
691 2775 744 2813 non
753 2764 837 2834 eroget
851 2776 936 2832 neque
945 2757 1015 2814 minu

206 2833 357 2893 ustorum
383 2837 483 2914 operis.
525 2836 577 2893 Vl.
601 2834 772 2893 Antecedens
794 2835 933 2912 operiret
958 2837 1015 2893 volu

206 2914 328 2971 secludit
342 2914 525 2972 voluntarium
535 2913 696 2990 perfeetum.
737 2915 809 2973 Vll.
826 2915 1015 2990 Consequeust

206 2993 274 3051 tutis
295 3000 379 3071 auget
398 2993 591 3062 uoluruurium,
613 3002 638 3050 et
652 2994 750 3051 urinuit
762 2994 876 3051 liberum
889 2995 929 3049 od
936 3013 1015 3069 pecu.

208 3072 276 3129 Nisi
288 3073 325 3129 sit
337 3069 479 3150 officiata.
520 3073 610 3130 VIII.
632 3073 741 3130 Facere
759 3080 847 3148 polest
868 3074 902 3130 de
925 3080 1015 3129 ruortu

207 3149 280 3208 reiule
293 3159 318 3209 et
331 3149 483 3228 aliquando
495 3151 608 3211 utillum.
650 3153 701 3210 IX.
716 3149 851 3229 deflexio.

211 3312 235 3368 1.
258 3309 625 3371 CONCUPlSCENTlA
656 3311 705 3369 hic
730 3313 857 3370 sumitur
888 3331 945 3388 pro
972 3331 1016 3389 qu·

168 3401 252 3449 motu
265 3390 414 3467 appetitlls
424 3392 565 3462 sensitivi,
588 3414 648 3471 quo
661 3391 839 3450 inclinemur
849 3391 880 3448 in
888 3392 1001 3450 bonum
1014 3418 1016 3447 :

165 3470 228 3528 bile
237 3469 489 3547 prosequendum,
511 3473 557 3530 vel
567 3474 678 3531 mulum
691 3472 829 3531 sensibile
839 3472 1016 3549 fugiendum

156 3571 219 3627 pro
231 3550 315 3609 omni
328 3550 477 3630 passione,
492 3564 619 3631 excepto
631 3566 726 3621 metu,
738 3553 778 3610 de
791 3572 852 3628 quo
862 3553 925 3627 ium
936 3564 1016 3611 uetur

192 3632 235 3691 Di
238 3632 357 3693 viditur·
370 3635 403 3692 in
420 3634 532 3694 ordine
542 3636 583 3695 ed
594 3629 899 3692 voluntatieorum
907 3648 1016 3701 nunnus

184 3732 208 3773 n
223 3717 485 3792 antecedentem,
503 3729 538 3778 et
550 3724 798 3792 consequentem
810 3717 956 3780 respectu
966 3704 1016 3757 ud
