2160 4072
378 115 425 159 nn
448 98 689 161 conscissuri.
939 98 1003 167 395

53 312 64 317 -
95 259 233 340 Sylvius,
254 260 410 331 Daelman,
432 260 537 332 Collet,
565 271 624 326 etc.
652 261 758 320 volunt
779 260 867 320 talem
882 280 1008 340 paccare

53 341 225 403 mortaliter
234 361 247 412 ;
257 341 329 418 quia
342 351 479 401 censetur
487 342 564 401 velle
576 342 658 401 istud
665 350 820 420 peccatum
834 341 1006 418 qualecum..

53 421 173 560 amit
185 442 195 492 ;
224 440 296 497 ergo
318 420 408 480 habet
432 421 614 481 voluntatem
640 430 772 500 paratam
800 422 1005 482 committendi

166 521 193 560 e.

58 630 63 637 .
96 579 213 640 Verdm
226 577 335 639 rectius
348 581 488 641 videntur
500 580 681 659 respondere
693 582 812 651 Hanno,
826 581 1006 659 Preinguer,

53 658 200 730 linum,
214 659 323 738 aliique
336 659 393 721 hoc
406 661 513 721 modos
533 660 582 720 vel
594 661 774 723 conscientia
785 661 927 740 proponit
947 662 1006 721 aal-

53 748 120 803 tm
133 742 168 800 in
177 740 300 800 confuso
311 742 475 812 materiam,
499 741 577 802 circa
601 762 689 820 quam
714 753 850 802 versatur
863 752 1005 820 tanquam

53 820 136 901 ¹,quid
144 840 257 898 μενος
280 840 341 898 quo
357 841 427 881 casu
440 841 528 900 agere
542 832 643 881 contra
656 822 761 901 ipsam,
782 820 839 880 erit
861 821 1007 892 mortale;

53 900 109 963 ¹rol
117 901 260 980 proponit
266 911 407 979 nuquam
415 902 487 981 quid
497 899 573 970 leve,
587 913 617 961 et
627 913 700 962 ωηο
708 913 811 962 contra
822 901 904 960 illam
917 923 1006 981 agere

53 980 262 1120 nitvelrpiale3
274 980 331 1038 nisi
343 982 465 1041 materia
477 982 510 1040 in
524 1003 555 1041 se
567 982 667 1060 gravia
680 992 766 1054 esset,
790 994 821 1041 et
833 1001 915 1042 error
928 983 1005 1043 foret

53 1058 172 1123 sinus·
187 1061 219 1120 'a

53 1196 69 1207 .,
99 1141 193 1215 Qudd
206 1140 231 1199 si
244 1139 405 1218 nequidem
426 1142 458 1200 in
472 1142 595 1202 confuso
608 1142 731 1201 materia
752 1142 852 1219 gravis
865 1151 917 1200 aut
930 1140 1006 1201 levis

60 1220 311 1299 apprehendatur,
339 1242 368 1282 v.
387 1239 417 1299 g.
438 1224 462 1281 si
483 1224 521 1281 ab
543 1222 635 1282 idiota
660 1216 850 1300 proferantur
869 1221 1003 1299 quadam

60 1302 152 1361 rerba
165 1301 239 1360 male
247 1302 397 1362 sonantia:
418 1313 491 1362 tunc
504 1303 623 1361 ridetur
636 1321 704 1362 cum
719 1301 822 1381 Sylvio
835 1300 1004 1380 indaganda

61 1380 125 1459 ejus
139 1380 274 1441 virtualis
287 1381 335 1440 vel
346 1381 448 1440 saltem
456 1383 616 1442 habitualis
626 1378 800 1460 dispositio,-
814 1402 843 1440 v.
856 1402 888 1460 g.
898 1383 1004 1443 antale

60 1462 185 1522 narbam
199 1462 332 1539 proferre
340 1462 493 1535 voluisset,
507 1462 698 1540 sicogitasset
710 1461 786 1521 illud
802 1471 848 1520 est
859 1462 1003 1535 mortale;

63 1541 149 1614 sisic,
165 1541 318 1621 judicatur
340 1562 478 1620 peccasse
489 1543 652 1603 mortaliter
665 1553 767 1602 contra
777 1542 1004 1616 conscientiam

62 1621 192 1693 rinon,d
205 1622 321 1680 mortali
335 1635 502 1683 excusatur.

65 1734 72 1749 ·
98 1704 213 1764 Utrum
225 1714 380 1780 paccatum
391 1714 435 1762 est
448 1705 569 1782 gravius
579 1722 667 1782 agere
680 1713 783 1762 contra
795 1701 1005 1764 conscientiam

64 1800 222 1853 erroneam,
236 1803 375 1859 anegare
389 1784 552 1843 secunddm
565 1804 628 1843 eam
643 1795 745 1843 contra
757 1784 877 1860 legem?

98 1864 191 1923 v111.
206 1865 242 1922 R.
254 1863 374 1923 Caeteris
387 1865 508 1941 paribus
532 1863 652 1943 gravius
662 1876 708 1922 est
721 1883 810 1942 agere
823 1873 926 1921 contra
934 1881 1005 1922 con-

65 1944 231 2015 teimtiam3
245 1945 316 2021 quia
328 1954 373 2002 cst
385 1955 539 2021 peccatum
553 1964 589 2002 er
604 1944 724 2002 scientia
734 1967 744 2015 3
755 1952 909 2020 peceatum
923 1948 1003 2014 vero,

64 2024 139 2098 quod
154 2025 315 2082 secundnm
340 2025 548 2084 conscientiam
569 2023 771 2093 committitur,
791 2030 890 2101 potest
909 2022 1003 2082 minui

61 2116 91 2182 tr
104 2103 285 2183 ignorantia,
296 2104 374 2162 bona
388 2104 455 2175 fide,
474 2114 528 2162 etc

94 2185 209 2242 Verum
222 2185 246 2243 si
261 2197 367 2243 catera
386 2204 447 2242 non
471 2184 530 2243 sint
543 2182 635 2261 paria,
656 2193 730 2243 tunc
752 2203 809 2262 pro
833 2181 1003 2242 diversitate

53 2264 188 2325 materiae
199 2284 278 2323 nunc
292 2283 395 2336 unum,
417 2284 499 2323 nunc
512 2264 594 2323 aliud
616 2264 737 2341 gravius
761 2263 817 2322 erit
831 2263 874 2321 sic
888 2263 912 2321 si
933 2282 1003 2321 con-

53 2345 180 2405 scientia
188 2346 244 2403 tibi
254 2344 346 2403 dictet
356 2365 419 2403 esse
427 2344 553 2404 officiose
560 2344 773 2414 mentiendum,
781 2343 820 2402 ad
831 2341 1001 2400 salvandam

53 2426 150 2484 tium
178 2425 315 2502 proximi,
345 2425 516 2484 mentiendo
536 2425 671 2502 peccabis
696 2426 808 2483 tantiam
829 2421 1003 2491 venialiter;

53 2505 138 2585 quod
148 2505 173 2564 si
187 2504 365 2564 conscientia
383 2505 476 2563 dictet
485 2505 573 2563 alicui
588 2525 650 2563 esse
664 2504 779 2563 veniale
792 2511 958 2580 peccatum,
979 2501 1004 2560 si

53 2604 116 2646 uon
131 2585 249 2644 furetur
263 2604 325 2643 rem
346 2585 472 2644 alienam
484 2585 644 2644 notabilem
654 2605 713 2662 pro
719 2601 851 2661 paupere
874 2582 905 2639 in
918 2581 1002 2661 gravi

53 2665 234 2727 necessitate
247 2665 416 2736 constituto,
428 2665 556 2725 furando
568 2663 705 2744 peccabit
714 2664 845 2741 graviter
857 2684 867 2733 ;
879 2680 939 2721 non
952 2660 1000 2719 fu-

53 2746 152 2807 rando
172 2745 286 2805 leviter.

53 2909 94 2968 N.
128 2915 196 2976 179.
237 2906 296 2965 DE
317 2905 752 3046 AGENTgl'IffiUNDUM
777 2901 1004 2964 CONSCIEN·

53 3151 81 3209 l.
98 3146 183 3206 Licet
204 3145 281 3226 aequi
293 3145 485 3205 conscientiam
513 3158 642 3212 rectam
685 3146 728 3204 ll.
749 3145 789 3204 Et
810 3102 1007 3204 invincibiliter

96 3245 252 3324 aroucam,
294 3225 354 3283 111.
369 3224 447 3295 Non,
466 3224 632 3286 vincibiliter
645 3245 801 3286 erroneum·
831 3208 894 3280 ⁸1v.
919 3219 1004 3277 Ordi-

95 3323 189 3365 none.

97 3465 164 3524 AN
178 3484 294 3543 semper
303 3463 417 3523 licitum
429 3476 483 3535 est,
498 3486 587 3544 agere
600 3464 759 3527 secundum
771 3459 1004 3524 conscientiam?

99 3549 137 3606 R.
153 3545 297 3617 Quamvis
312 3564 428 3624 semper
440 3546 577 3622 ¹illicitum
591 3548 725 3624 sitagere
738 3554 840 3603 eontra
853 3538 1003 3609 conscien-

55 3626 143 3698 tiam,
157 3625 300 3704 quamdin
315 3624 367 3684 illa
377 3637 486 3696 manet,
506 3646 567 3685 non
580 3638 680 3686 tamen
701 3644 818 3702 semper
829 3621 946 3682 licitum
959 3629 1005 3678 est

56 3724 151 3784 agere
163 3706 321 3767 secundum
337 3725 411 3776 eam,
424 3706 477 3766 aed
500 3702 542 3765 id'
557 3706 719 3789 aliquando
740 3704 825 3777 licet,
846 3701 1011 3778 manando

53 3803 121 3841 noll·
