2152 4066
60 114 66 189 ἰ
339 116 384 162 nrr
401 116 543 162 acrinus
556 116 726 161 nunnius.
938 96 1003 164 185

114 261 373 341 1V.R.Negative:
386 264 437 322 sed
446 265 603 323 necessitas
611 262 796 341 latiuspatet3
808 260 916 321 dantur
922 262 1000 321 enim

73 358 148 405 actus
161 342 324 413 necessarii,
335 362 363 402 v.
374 362 403 423 g.
415 365 496 403 amor
506 344 669 414 beatificus,
682 340 805 421 quinon
817 351 885 401 suut
897 344 999 403 coacti.

85 506 120 561 N.
135 510 184 564 st.
228 502 286 561 DE
308 502 548 567 VlOLENTIA
574 505 621 563 ΙΝ
643 502 809 562 ORDINE
832 502 891 563 AD
909 504 935 560 V
939 504 980 561 0-

396 583 668 647 LUNTARIUM.

174 742 198 802 Ι.
218 741 354 802 Valentia
367 752 466 803 causat
479 742 694 803 involuntarium
708 742 878 821 simpliciter.

95 902 215 978 QUID
229 902 448 962 facitviolentia
458 903 488 959 in
505 903 608 961 ordine
622 903 659 961 ad
673 903 892 965 voluntarium?

98 984 124 1041 l.
134 981 336 1054 R-Violcntia,
347 1004 396 1042 seu
405 984 519 1043 coactio
534 984 634 1042 stricti
647 984 735 1052 dicta,
751 996 851 1043 causat
861 982 997 1043 involun-

59 1063 170 1125 tarium
183 1062 358 1141 simpliciter
371 1074 400 1122 et
413 1062 550 1143 positivi,
566 1064 597 1121 id
611 1074 663 1135 est,
677 1063 758 1135 facit,
773 1076 807 1122 ut
819 1062 861 1132 id,
873 1064 953 1141 quod
964 1086 999 1123 cx

59 1164 92 1207 ss
107 1142 255 1221 sequitur,
270 1143 407 1202 voluntas
420 1142 611 1203 consideratis
624 1143 761 1201 omnibus
774 1144 1000 1203 circumstantiis

59 1225 193 1307 positivo
205 1234 273 1282 actu
288 1224 438 1301 refugiat3
453 1223 533 1282 unde
546 1244 601 1282 nec
615 1235 658 1282 est
666 1235 831 1301 peccatum,
843 1225 907 1282 cum
917 1224 1001 1282 nullo

59 1306 151 1367 modo
165 1307 182 1361 ὲ
197 1302 349 1363 voluntate
362 1305 522 1382 procedat3
546 1304 617 1362 hinc
637 1304 798 1363 violentum
812 1324 867 1364 nec
881 1303 1000 1362 merito-

60 1386 140 1447 rium
155 1394 211 1455 est,
222 1403 278 1443 nec
291 1384 522 1444 demeritorium.
565 1385 642 1441 Vide
664 1385 693 1442 S.
715 1382 822 1441 Thom.
847 1396 950 1460 quaest.
971 1384 998 1443 6.

60 1478 118 1527 'art
130 1472 158 1525 5.
181 1464 250 1542 lpse
259 1474 359 1522 tarnen
373 1464 533 1524 voluntatis
546 1464 670 1534 renisus,
682 1464 744 1522 cimr
758 1464 795 1521 sit
808 1462 999 1535 voluntarius,

60 1554 162 1627 potest
176 1560 240 1603 esse
251 1544 349 1602 bonus
363 1544 412 1603 vel
425 1544 527 1603 malus,

58 1642 61 1647 ·
104 1624 175 1703 obj.
189 1625 336 1701 Martyres
350 1635 524 1683 meruerunt
535 1644 588 1703 per
598 1632 725 1682 mortem
741 1621 898 1683 violentam
905 1646 915 1695 3
928 1644 1000 1701 ergo

69 1704 204 1765 violentia
218 1722 277 1761 non
291 1702 423 1762 excludit
436 1703 582 1762 meritum.

106 1787 138 1844 u.
167 1786 244 1861 Neg.
267 1803 387 1861 suppos.
401 1794 494 1842 antec.
512 1784 610 1842 Passio
625 1783 703 1840 enim
717 1800 776 1840 non
791 1782 848 1841 fuit
862 1784 1000 1861 martyri·

58 1866 120 1925 itus
137 1864 273 1922 absolute
297 1862 446 1933 violentu3
475 1864 545 1940 quia
568 1883 627 1921 non
654 1862 829 1931 resistebant
857 1863 1000 1940 quantum

58 1932 159 2023 iteipsa
169 1954 328 2023 poterant,
343 1945 552 2002 aversabantur
567 1943 687 2022 quidem
701 1943 880 2020 impietatem
892 1952 922 2001 et
936 1962 999 2000 ma-

58 2022 153 2089 fflitiam
170 2044 202 2082 se
215 2024 428 2101 torquentium,
451 2022 503 2082 sed
526 2023 577 2081 ills
593 2023 815 2101 praesupposita,
830 2021 958 2080 libenter
972 2034 1000 2080 et

77 2104 228 2165 voluntarie
244 2105 394 2181 eligebant
407 2114 532 2161 mortem
545 2104 687 2162 tolerare:
708 2103 769 2179 pati
784 2104 862 2161 euim
873 2114 1000 2161 mortem

58 2204 103 2242 'er
110 2184 199 2265 justis
215 2185 320 2254 causis,
339 2196 374 2243 ut
394 2184 424 2241 iu
448 2204 518 2242 casu
538 2195 660 2261 propter
684 2178 845 2250 Christum,
869 2203 929 2240 nou
957 2194 1000 2239 cst

79 2266 171 2323 mlum
184 2289 194 2337 3
216 2266 297 2323 etita
311 2274 432 2322 mortem
447 2265 637 2342 acceptando,
659 2275 839 2321 meruerunt.

58 2338 69 2429 ᾗ
102 2344 224 2414 Mulier,
240 2364 306 2423 quoe
320 2344 462 2403 violenter
477 2345 665 2422 opprimitur,
676 2364 734 2400 non
746 2354 851 2420 potest,
866 2363 998 2421 praesup.

62 2446 66 2455 ·
76 2424 155 2497 posita
166 2425 343 2500 stupratoris
354 2425 473 2494 matitia,
484 2426 648 2482 voluntarii
661 2435 794 2501 stuprum
805 2424 940 2493 tolerare,
948 2424 999 2481 sed

58 2580 61 2585 Ι
75 2505 198 2563 resistere
213 2505 311 2575 debet,
323 2506 462 2583 quantiam
473 2517 587 2583 potest:
603 2516 633 2562 et
652 2506 715 2582 ipsa
728 2502 892 2561 resistentia
902 2514 1000 2581 potest

58 2592 123 2643 'csse
135 2586 299 2643 meritoria.

99 2664 228 2725 Dictum
238 2677 292 2734 est,
304 2665 383 2742 qudd
394 2666 506 2725 coactio
518 2665 615 2723 strictis
628 2665 708 2723 dicta
717 2673 817 2721 causet
831 2662 999 2723 involunta-

65 2742 138 2802 rium
150 2744 336 2823 simpliciter,
352 2756 381 2803 et
395 2756 515 2804 excuset
526 2745 543 2802 u
554 2757 675 2825 peccato
686 2768 695 2815 ;
707 2764 785 2813 nam,
798 2743 822 2801 si
835 2744 947 2800 tautum
963 2744 999 2800 sit

59 2824 203 2885 violentia
227 2845 277 2883 seu
293 2824 403 2883 coactio
417 2826 574 2885 secundum
591 2825 673 2903 quid,
695 2824 753 2881 late
781 2834 810 2881 ct
837 2822 999 2900 vulgariter

58 2902 151 2976 (licta,
164 2924 228 2963 non
241 2905 320 2964 tollit
346 2925 432 2965 omne
456 2905 668 2976 voluntarium,
694 2904 745 2962 sed
772 2904 848 2962 illud
871 2903 995 2962 minuit:

57 2978 130 3043 hinc
143 2984 262 3054 mulier,
278 2985 324 3043 cui
341 2985 385 3043 vis
399 2986 535 3054 infertur,
551 2991 670 3043 externi
690 3004 750 3041 non
764 2985 890 3055 resistat,
906 3005 999 3061 quan-

57 3064 119 3123 tum
129 3076 232 3159 potest
242 3075 272 3123 et
286 3064 384 3133 debet,
400 3066 563 3136 clamando,
578 3065 731 3143 fugiendo,
746 3064 926 3141 repellendo,
943 3076 998 3122 etc.

57 3146 219 3283 {prprtudo
233 3144 290 3203 erit
301 3146 521 3223 interpretativi
537 3146 710 3215 voluntaria,
726 3144 858 3222 adeoque
871 3144 999 3221 imputa·

80 3225 148 3283 'itm

102 3306 152 3363 An
166 3305 274 3363 mulier
288 3306 318 3364 in
343 3327 412 3366 casu
425 3317 575 3366 teneretur
598 3306 733 3374 ciamare,
749 3304 772 3362 si
788 3306 826 3362 ob
841 3304 998 3361 clamorem

60 3386 165 3443 subeat
178 3386 249 3444 vitae
262 3385 447 3464 periculum?

102 3466 136 3523 ll.
165 3465 319 3545 Plerisque
343 3466 471 3538 videtur,
499 3468 577 3544 quod
603 3486 673 3535 non,
698 3465 722 3525 si
743 3465 819 3523 absit
833 3464 998 3543 periculum

66 3544 237 3617 currsensils;
254 3547 391 3625 quianon
405 3558 522 3605 tenetur
533 3567 600 3604 cum
614 3557 696 3604 tanto
710 3545 842 3623 periculo
855 3545 998 3620 impedire

70 3624 204 3685 saionem
219 3637 356 3705 respectu
365 3626 458 3706 ipsius
471 3624 701 3684 involuntarium
717 3635 747 3683 et
760 3624 979 3704 inculpabilem.

101 3706 192 3762 Collet
201 3726 269 3764 cum
279 3706 345 3763 aliis
355 3709 534 3784 quibusdam
545 3708 623 3782 vult,
635 3708 716 3792 quiid
725 3707 855 3769 clamare
863 3717 1018 3771 tencatur,

57 3780 116 3849 imi*
128 3801 253 3858 θθηψθν,
266 3794 317 3841 aut
327 3787 390 3845 fero
401 3809 533 3869 semper,
550 3792 642 3856 adest
653 3793 834 3876 periculum
845 3784 1015 3854 consensius.
1024 3807 1039 3854 ‘s

502 3884 560 3936 ns
918 3888 925 3909 ¹
