2160 4072
67 91 133 161 376
445 114 647 161 raacrarns

69 261 109 318 N.
125 258 193 321 164.
235 260 294 319 DE
310 260 461 330 MODIS,
479 259 641 333 QUIBUS
655 259 888 321 PECCATUM
904 261 972 322 Mol

330 339 444 400 TALE
460 342 532 400 FIT
548 339 755 401 VENIALE.
812 352 818 361 “

221 498 253 560 S.
273 498 396 558 Thomas
412 509 439 562 1.
453 507 482 559 8.
498 508 594 579 quest
610 505 659 559 88.
673 507 732 559 art.
747 509 777 561 2.
792 509 819 560 et
832 501 862 562 6.

261 661 285 719 1.
300 610 827 756 manmuomaafflumau.

111 823 170 882 AN
185 830 343 899 peccatum
354 821 479 881 mortale
491 829 591 899 potest
604 818 668 877 fieri
682 819 823 881 veniale?

113 901 136 958 1.
150 903 184 960 R.
202 902 361 959 l’eccatnm'
368 920 404 958 ex
418 921 529 977 genere
542 919 598 958 suo
607 899 731 959 mortale
744 902 848 978 potest
862 899 924 959 lieri
935 922 972 961 rer

72 980 118 1039 ale
139 981 257 1039 duobus
271 981 388 1040 modis:
411 983 510 1041 prims
525 1000 562 1040 ex
576 980 724 1058 parvitate
736 981 881 1051 materia,
892 1001 972 1061 proq·

73 1060 142 1119 vide
167 1061 259 1119 Num.
290 1061 356 1122 160.
379 1061 516 1121 Secundo
543 1080 581 1118 ex
601 1059 777 1138 imperfecta
798 1059 972 1121 deliberatior

73 1139 136 1200 sive
147 1161 184 1199 ex
198 1141 423 1219 imperfectione
434 1145 528 1212 actds,
543 1140 582 1199 de
596 1159 657 1217 quo
667 1141 739 1199 vide
754 1144 850 1201 Num.
867 1150 930 1210 159.

115 1221 226 1280 Sennis
240 1223 439 1299 responsionis
451 1231 581 1293 nonest,
597 1221 682 1298 quasi
702 1234 865 1298 peccatum
888 1233 972 1281 morta

74 1300 156 1380 quod
171 1312 203 1360 ut
214 1302 273 1360 tale
281 1322 363 1362 nunc
372 1303 472 1363 existit
483 1323 553 1362 curn
563 1301 703 1360 omnibus
710 1303 773 1362 suis
781 1304 972 1362 circumstant

73 1382 168 1461 possit
180 1382 244 1441 fieri
259 1383 391 1454 veniale3
405 1382 463 1443 hoc
483 1384 563 1443 enim
584 1380 736 1460 implicate
765 1382 822 1442 sed
847 1383 926 1461 quod
939 1396 972 1442 acl

73 1463 200 1541 peccati,
213 1463 294 1540 quod
308 1464 418 1523 dicitur
431 1482 592 1542 exgenere
615 1482 669 1524 auo
689 1463 828 1534 mortale,
858 1462 972 1542 possita

76 1540 171 1601 saltim
186 1543 340 1603 venialiter
364 1545 471 1616 mains,
490 1552 583 1623 prout
602 1541 652 1600 hic
666 1555 697 1601 et
709 1563 793 1603 nunc
806 1563 879 1602 cunr
895 1543 972 1602 suisa

76 1623 260 1683 cumstantiis
274 1636 442 1687 exercetur:
468 1627 512 1685 sic
524 1626 639 1683 furtum
654 1632 749 1682 estex
762 1643 880 1702 genere
892 1644 972 1702 suop

77 1714 174 1762 catum
186 1704 320 1774 mortale,
332 1716 362 1763 et
376 1716 475 1765 tamen
489 1706 603 1764 furtum
618 1701 708 1761 unius
721 1705 795 1763 assis
809 1716 859 1764 est
872 1716 972 1782 peccat

77 1783 193 1843 veniale
206 1801 243 1841 ex
258 1786 405 1862 parvitate
428 1785 578 1845 materia:
606 1782 678 1842 item
691 1783 806 1844 furtum
830 1785 923 1844 unius
944 1805 972 1842 aa

78 1865 268 1923 commissum
287 1866 325 1923 ab
349 1885 384 1923 eo
409 1867 463 1945 qui
476 1885 513 1925 ex
526 1863 696 1944 ignorantia
709 1864 892 1924 invincibilii
905 1876 972 1944 puta

79 1964 143 2003 esse
156 1965 314 2004 nummum
331 1966 458 2019 aenenm,
472 1957 517 2007 est
533 1943 648 2006 veniale
665 1964 703 2003 ex
723 1945 904 2024 imperfecta
916 1944 971 2005 deli

79 2026 203 2085 ratione.

102 2187 142 2244 n.
158 2187 224 2250 165.
266 2193 324 2251 nn
341 2191 490 2261 nonis,
512 2145 672 2264 Qnrnn's
687 2186 925 2248 rsccrrnn
939 2186 972 2243 vr

322 2267 783 2330 nrrrnrrrnoarana.

341 2432 374 2490 S.
392 2431 488 2491 Tlom.
503 2438 599 2510 quaest.
614 2434 661 2488 88.
676 2435 733 2486 art.
746 2435 778 2489 5.

302 2592 327 2648 l.
343 2591 456 2649 Veniale
465 2593 502 2666 fit
516 2589 631 2648 mortale
644 2586 811 2666 tripliciter.

123 2758 173 2812 An
188 2762 343 2830 peccatum
359 2751 474 2810 veniale
488 2761 586 2829 potest
599 2749 663 2806 fieri
677 2747 828 2807 mortale?

126 2832 149 2889 l.
168 2835 201 2891 R.
221 2834 294 2891 Crim
306 2834 393 2911 juxta
406 2835 495 2891 Num.
517 2838 581 2890 158.
596 2829 706 2906 triplex
720 2830 761 2886 sit
771 2830 901 2901 veniale,
924 2832 972 2909 trip

84 2912 171 2971 etiam
187 2914 243 2970 erit
253 2914 415 2990 responsio.

126 2993 233 3064 Prima,
249 2994 364 3051 veniale
378 3014 414 3052 ex
434 2992 607 3070 imperfecta
621 2989 838 3048 deliberatione
851 3002 949 3068 potest
967 2995 972 3047 l

84 3074 208 3132 mortale
222 3094 276 3151 per
290 3075 356 3143 hoc,
381 3073 462 3150 quod
487 3071 633 3131 sufficiens
656 3069 835 3128 deliberatio
857 3072 897 3129 ad
910 3091 972 3130 mor

84 3154 205 3215 accedat
215 3177 222 3212 ι
232 3153 274 3212 sic
285 3154 443 3212 delectatio
453 3173 578 3211 venerea
587 3171 623 3208 ex
631 3149 809 3227 imperfecta
819 3150 972 3210 deliberati

85 3236 219 3305 venialis,
244 3234 277 3292 fit
291 3234 426 3292 mortalis
444 3233 603 3292 accedente
613 3249 758 3289 consensu
770 3231 907 3308 perfecte
920 3231 972 3291 deli

85 3326 157 3373 rato.

127 3395 274 3462 Secundi),
289 3405 442 3472 peccatum
462 3394 577 3452 veniale
601 3414 637 3451 ex
651 3411 761 3470 genere
775 3412 832 3450 suo
853 3393 972 3470 potestl

86 3475 210 3535 mortale
224 3496 279 3552 per
300 3475 549 3534 circumstantias:
573 3474 708 3550 intellige
733 3471 971 3531 circumstantias

86 3575 195 3631 genere
210 3575 263 3612 suo
277 3556 424 3626 mortales,
439 3555 582 3613 addentes
596 3554 736 3612 malitiam
752 3552 854 3629 specie
865 3553 972 3612 distinc

86 3636 308 3713 ipraejacente;
321 3636 353 3694 id
362 3648 459 3694 autem
471 3635 504 3695 fit
513 3635 662 3714 praecipue
675 3643 786 3710 septem
797 3633 907 3703 modis,
917 3632 972 3691 dae

79 3714 129 3776 ln's
145 3715 283 3776 versibus
298 3717 463 3798 expressis:
757 3789 764 3800 .

116 3807 136 3835 “
152 3801 319 3871 Scandala,
332 3807 542 3876 contemptus,
551 3788 844 3867 irritaquesnssfflffi
853 3799 889 3843 Ἃ
898 3808 972 3843 m

110 3891 132 3920 “
147 3884 334 3958 Intentum,
352 3883 521 3948 damnum,
533 3875 655 3934 iaciunt
663 3865 759 3925 cridia
765 3864 940 3934 magnam?
