2152 4066
77 89 144 186 218
448 112 649 157 ursmarus
738 127 754 149 .-

80 256 129 317 vel
149 255 176 315 si
189 254 228 314 sit
245 254 279 313 in
296 255 459 326 voluntate,
484 258 570 318 dolor
583 270 683 337 potest
696 281 760 320 esse
773 265 852 323 mere
867 268 1002 331 naturalia

78 356 139 395 non
153 336 396 413 supernaturalis,
419 339 461 396 uti
485 358 562 416 saepe
576 341 685 400 accidit
707 342 738 399 in
753 339 1002 408 consuetudinarii

74 419 162 494 juxta
177 420 206 475 S.
223 417 281 474 Th.
299 426 324 475 1.
339 425 369 475 2.
384 429 487 495 quast.
504 427 553 484 78.
567 431 621 479 art.
636 429 663 478 2.
678 422 716 479 ad
731 431 761 482 3.

119 496 244 576 Triplex
257 497 350 574 igitur
364 497 452 556 datur
466 498 559 569 dolor,
575 521 681 578 nempe
692 502 777 561 dolor
790 504 942 583 appetitus
955 528 1002 567 sen

78 578 167 647 sitivi,
192 577 278 637 dolor
300 577 442 638 naturalis
456 579 625 652 voluntatis
645 592 676 640 et
689 582 774 642 dolor
788 588 1002 663 supernaturali

78 659 249 720 voluntatis.
992 692 995 699 ·

30 800 33 807 ,
87 795 90 803 ,
118 742 201 800 Dum
213 741 363 819 passiones
376 739 439 810 irae,
450 740 694 819 concupiscentiae
703 743 851 804 etsimiles
860 760 1002 824 exurgunt

76 822 223 881 renitente
237 833 268 880 et
281 832 468 899 repugnante
481 822 643 891 voluntate,
657 833 721 881 tum
732 824 844 884 dieitur
854 825 891 891 ‚in
904 827 1002 887 homin

77 924 141 961 esse
153 922 286 979 pugnam
299 902 376 960 inter
388 921 504 960 carnem
517 913 548 961 et
557 901 694 979 spiritum
704 903 792 981 juxta
799 904 877 964 illud
888 907 928 964 ad
940 909 1002 967 Rou

78 1004 142 1062 cap.
159 991 185 1051 7.
205 1003 233 1040 v.
247 991 295 1042 23.
339 982 471 1040 “Video
492 982 580 1041 aliam
604 981 701 1060 legem
721 985 753 1042 iu
776 987 929 1045 membris
941 989 1002 1047 mair

77 1071 328 1141 “repugnantem
342 1061 402 1140 legi
417 1062 524 1121 mentis
538 1066 638 1121 meae.’'

117 1146 163 1202 Ex
179 1144 266 1201 dictis
280 1152 379 1219 patet,
394 1142 544 1219 quomodo
558 1144 625 1218 quis
640 1161 740 1202 amore
754 1145 920 1205 voluntatis
936 1147 1002 1209 etio

77 1222 303 1303 supernaturali,
332 1223 424 1299 possit
449 1222 575 1300 diligere
599 1223 763 1295 inimicum,
788 1227 861 1287 licet
875 1227 1002 1288 odiums

76 1305 191 1364 aversio
203 1303 353 1381 appetitis
367 1301 500 1360 sensitivi
517 1302 646 1361 necdum
661 1315 788 1365 cessent.

117 1384 262 1453 adverte,
278 1382 357 1461 qudd
369 1383 400 1440 in
410 1382 511 1460 pueris
520 1393 588 1440 ante
598 1403 684 1440 usum
697 1388 826 1457 rationis,
838 1387 1002 1450 amentibus

76 1476 106 1523 et
120 1464 346 1532 dormientibus,
370 1463 485 1541 possint
509 1463 630 1520 excitari
644 1465 794 1540 passiones
808 1468 932 1537 amoris,
953 1469 1002 1530 odil

76 1545 212 1614 tristitiae,
234 1556 310 1615 etc.;
336 1544 393 1602 imb
415 1543 532 1601 admitti
546 1553 645 1620 potest
657 1544 687 1600 in
702 1544 760 1604 illis
774 1546 876 1624 aliqua
889 1550 1002 1624 operati

76 1625 245 1684 intellectlls
263 1635 293 1682 et
313 1623 483 1692 voluntatis,
503 1643 611 1700 nempe
631 1626 784 1695 naturalis,
808 1627 852 1686 ita
874 1639 910 1686 ut
931 1629 1002 1693 inei

75 1716 145 1783 agat
158 1706 327 1764 intellectus
341 1715 375 1762 ut
388 1714 504 1773 natura,
523 1723 583 1761 non
598 1713 632 1761 ut
644 1705 720 1763 ratio
740 1707 912 1766 deliberans
920 1731 930 1779 ;
953 1709 1002 1769 itm

75 1786 215 1845 voluntas
228 1796 261 1844 ut
275 1796 391 1857 natura,
404 1803 466 1842 non
481 1794 514 1843 ut
528 1783 665 1842 voluntas
677 1784 849 1846 formaliter.

77 1953 115 2011 N.
131 1949 179 2010 56.
195 1951 254 2015 DE
266 1949 385 2007 BONO
397 1948 451 2006 ET
465 1946 588 2006 Mauo
599 1946 845 2009 PASSIONUM
858 1949 1002 2008 ANIMAE

381 2111 412 2169 S.
432 2109 646 2184 Tdom.‹1uoest.
662 2117 710 2168 24.

75 2231 100 2291 l.
121 2229 271 2288 Passiones
284 2236 349 2285 suut
362 2250 396 2287 ex
417 2228 521 2304 olp'ecto
545 2224 746 2302 indifferentes.
789 2229 830 2286 ll.
859 2226 950 2285 Homo
963 2249 1002 2286 nos

112 2308 188 2366 debet
213 2310 275 2387 regi
296 2309 314 2364 d
335 2306 524 2385 passionibus,
567 2305 627 2363 Ill.
662 2306 789 2364 Sedeas
812 2327 920 2386 regere.
961 2307 1002 2364 lV.

116 2385 300 2451 erondouum
315 2391 374 2446 siut
387 2388 470 2445 bonoe.
926 2404 929 2411 ·

112 2510 172 2569 AN
192 2509 344 2587 passiones
358 2509 461 2566 animae
476 2517 547 2566 sunt
560 2508 671 2564 bonae?

115 2591 137 2647 l.
157 2592 191 2650 R.
209 2591 361 2649 Passiones
375 2588 539 2648 secundum
549 2607 611 2646 esse
622 2596 735 2645 naturae
750 2596 820 2645 sunt
833 2587 934 2658 bonae,
949 2587 1002 2664 quia

72 2671 172 2729 iDeo
187 2671 380 2729 suntinditae.
493 2736 497 2745 ἱ

113 2751 282 2829 Spectando
295 2771 358 2809 esse
373 2749 492 2820 morale,
508 2747 678 2817 dicendum,
694 2747 773 2824 qubd
789 2767 825 2805 ex
833 2748 951 2823 objecto
965 2768 1002 2807 sus

71 2832 130 2893 sint
152 2831 363 2901 indifferentes,
388 2831 465 2889 sicut
488 2828 660 2897 ambulatio,
686 2828 756 2905 quia
771 2827 909 2886 voluntas
923 2838 1002 2905 potat

70 2910 130 2971 illis
143 2914 219 2971 berre
235 2926 265 2971 et
279 2912 354 2970 mala
370 2912 420 2970 uti.

112 2994 154 3051 ll.
165 2993 312 3052 Vitiosum
324 3005 353 3051 et
361 2988 751 3068 vituperabileesthominia
760 2988 948 3067 passionibus
959 2988 1002 3047 sui

70 3076 129 3150 agi,
151 3075 215 3150 regi
230 3086 282 3132 aut
296 3073 396 3142 vinci,
419 3072 490 3148 quia
503 3071 576 3128 ordo
591 3069 761 3138 invertitur,
787 3088 847 3145 quo
866 3069 1001 3145 appetitu

70 3154 228 3213 sensitivus
237 3155 343 3213 rationi
354 3151 461 3228 subjici
473 3151 572 3220 debet,
584 3161 613 3207 et
622 3150 690 3207 talis
698 3150 761 3225 agit
770 3169 850 3206 more
857 3149 1002 3225 pecudum

111 3235 173 3292 lll.
199 3237 224 3293 E
249 3248 350 3294 contra
376 3233 541 3290 virtuosum
567 3242 597 3288 et
621 3229 774 3288 laudabile
799 3240 844 3287 est
867 3229 1002 3305 passione

71 3335 138 3374 suas
151 3335 265 3391 regere,
291 3315 421 3383 domare,
436 3312 556 3388 illisque
570 3310 731 3369 secundum
747 3309 883 3367 ordinem
898 3306 1002 3366 rationi

69 3399 112 3466 uti
129 3396 167 3454 ad
182 3398 271 3452 linem
286 3395 440 3453 debitum:
456 3392 497 3449 ita
523 3392 659 3449 Christus
686 3411 756 3447 usus
777 3401 822 3448 est
840 3388 898 3458 iri,
924 3390 1002 3448 Mar<

69 3497 132 3553 cap.
150 3485 176 3534 3.
200 3497 227 3533 v.
244 3482 271 3535 5.
299 3483 319 3509 “
335 3471 584 3550 circumspiciens
608 3491 658 3528 eos
684 3490 752 3527 cum
767 3470 856 3527 ira=''
879 3488 953 3527 usus
976 3488 1002 3528 er

68 3556 190 3612 tristitia
206 3555 410 3633 lacrymando,
432 3556 519 3613 Joan.
535 3572 598 3629 cap.
616 3561 662 3609 ll.
678 3570 706 3607 v.
721 3559 769 3609 25.
858 3606 862 3616 ,

81 3695 88 3703 ,
110 3637 191 3694 Hinc
205 3636 279 3694 dicit
293 3638 321 3695 S.
340 3635 432 3712 Greg.
451 3635 591 3691 Nicaenus
605 3631 807 3708 disputatione
826 3630 863 3688 de
879 3629 1002 3689 animae

65 3716 291 3785 resurrectione,
301 3717 453 3795 passiones
462 3733 524 3772 esse
535 3713 679 3771 virtutum
691 3722 721 3770 et
730 3712 904 3770 meritorum
911 3711 1002 3768 instru

64 3809 163 3855 tarenta
175 3820 183 3867 ;
198 3796 340 3855 virtutum
346 3796 479 3874 quidem,
491 3795 668 3872 inquantum
675 3791 826 3871 passiones
837 3792 1002 3853 voluntatar
