2160 4072
75 84 143 151 888
444 100 645 146 cruciarus

76 250 274 330 imputaretur
286 246 342 319 illi,
363 247 417 326 qui
437 247 541 308 vinum
560 266 672 326 purum
693 244 893 306 infunderetv

76 341 190 409 rupto:
210 330 295 409 atqui
308 329 366 387 hoc
373 328 435 387 dici
445 330 552 406 nequit
565 352 572 388 r
585 348 667 404 ergo,
683 338 742 386 etc.

119 412 154 470 R.
174 414 253 489 Neg.
273 409 341 488 maj.
367 408 436 487 quia
457 410 542 468 Deus
562 408 658 487 justas
681 426 786 466 causas
808 406 894 464 habet

76 491 236 570 agendum,
245 490 398 568 quatenus,
412 499 447 548 ut
459 490 596 547 Provisor
607 489 775 557 Generalis,
787 497 855 546 ante
864 506 895 565 pe

76 572 188 630 Adami
203 570 336 630 decrevit
357 569 473 646 corpori
496 568 674 628 sufficienter
696 570 895 637 organizator

75 651 244 721 infundere,
279 671 347 709 uem
369 649 503 707 ordinem
527 659 642 707 mutare
666 668 728 706 non
748 659 876 719 tenetur,

76 732 214 791 accidens
227 672 349 789 iniectio
363 740 515 808 sequatur.
742 746 745 753 ¹

116 812 188 890 Obj.
204 812 247 870 11.
262 810 374 869 Saltem
386 809 536 868 traductio
549 810 662 887 peccati
684 809 839 887 originalis
853 808 894 866 eri

75 891 165 950 tanda
185 890 370 969 parentibus,
395 892 460 949 ciun
482 911 517 948 ex
532 891 618 948 dictis
636 900 795 968 peccatum
811 888 895 965 origii

73 972 293 1050 generationem
307 971 497 1030 traducatur:
528 990 600 1048 ergo
622 972 664 1029 sic
685 969 826 1028 illicitum
848 968 895 1026 erit

73 1052 168 1129 gium,
183 1051 308 1130 ejusque
323 1072 403 1111 usus.

116 1132 150 1191 ll.
171 1133 249 1210 Neg.
270 1142 364 1191 antec.
378 1131 527 1191 traductio
547 1132 626 1190 enim
646 1132 763 1210 peccati
783 1128 895 1206 origine

74 1213 210 1290 sequitur
224 1232 260 1270 ex
274 1213 464 1289 generatione
475 1232 531 1289 per
551 1231 592 1280 se,
612 1212 690 1281 cum,
711 1213 737 1269 si
762 1210 895 1270 Adamn

74 1304 177 1363 casset,
198 1292 305 1350 fuisset
318 1292 479 1371 generatio,
495 1303 525 1351 et
544 1311 604 1350 non
618 1301 774 1371 peccatum
787 1314 798 1362 3
820 1289 895 1347 sede

74 1372 166 1432 solum
179 1393 236 1451 per
251 1373 397 1444 accidens,
421 1374 640 1451 praesupposito
660 1372 772 1431 scilicet
784 1379 895 1448 peccat·

73 1452 113 1512 ad
125 1453 184 1512 hoc
190 1464 299 1524 autem,
309 1454 388 1531 quud
397 1474 450 1532 per
459 1454 596 1511 accidens
607 1472 643 1511 ex
660 1451 853 1530 generatione
863 1469 894 1528 pr

73 1533 218 1612 originale
231 1544 381 1612 sequatur,
395 1545 577 1612 parentasse
590 1543 716 1612 possunt
726 1533 838 1590 habere
848 1551 894 1610 per

72 1624 196 1692 propter
208 1615 320 1673 bonum
334 1626 447 1672 naturae
461 1615 618 1684 humanae3
639 1614 742 1672 meliis
753 1612 834 1670 enim
849 1623 893 1670 est

74 1694 202 1764 siccate,
216 1696 439 1772 quimpenitus
462 1714 523 1753 nou
548 1714 621 1765 ease,
636 1693 813 1772 praesertim,
829 1694 894 1750 cum

73 1772 182 1833 Thom.
196 1793 226 1851 q.
242 1781 289 1833 83.
303 1785 357 1832 art.
375 1783 399 1832 1.
415 1773 454 1834 ad
467 1777 510 1854 5.)
531 1775 665 1835 “Possit
684 1773 881 1851 pergratiam

72 1853 182 1914 tionem
196 1853 348 1915 euadere?

112 1933 184 2012 obj.
206 1934 267 1993 ΙΙΙ.
291 1936 431 1996 Parentes
440 1936 514 2015 justi
528 1956 589 1995 non
602 1944 727 2016 possunt
741 1954 888 2012 generare

73 2027 257 2092 corruptum,
278 2037 350 2094 ergo
372 2017 490 2076 illorum
513 2017 566 2075 filii
590 2039 650 2076 non
667 2016 851 2076 contrahunt
864 2035 894 2091 pe

73 2095 226 2172 originale.

116 2177 150 2233 R,
167 2178 245 2254 Neg.
259 2188 353 2238 antec.
368 2181 508 2238 Parentes
519 2179 596 2238 enim
606 2187 759 2256 generant,
771 2196 834 2235 non
846 2197 893 2233 me

74 2272 180 2313 carne:
203 2258 299 2333 gratia
312 2270 409 2316 autem
424 2270 551 2317 mentem
564 2261 685 2335 quidem
700 2268 793 2327 sanat,
814 2257 868 2314 sed
882 2277 894 2312 r

73 2354 160 2407 nem;
173 2336 255 2394 etita
266 2338 362 2396 carnis
374 2341 524 2418 corruptio
538 2338 703 2398 communis
718 2348 762 2396 est
773 2338 857 2415 justo
872 2348 894 2394 et

73 2416 152 2487 tori3
172 2428 202 2475 et
221 2415 292 2476 hinc
305 2422 388 2496 mque
394 2419 468 2497 justi
482 2440 517 2478 ac
528 2431 698 2498 peccatores
710 2427 856 2496 generant
872 2437 894 2475 cr

74 2495 152 2555 (line.
175 2498 338 2570 Quomodo
350 2509 486 2578 parentes
496 2501 570 2578 justi
589 2519 696 2558 noxam
710 2498 886 2575 originalem

73 2577 293 2649 transfundant,
309 2581 438 2638 declarat
453 2581 482 2639 S.
507 2582 588 2658 Aug.
612 2581 663 2638 lib.
677 2579 717 2638 ·6.
742 2590 845 2636 contra
865 2579 894 2637 Jr

75 2672 141 2734 cap.
154 2656 182 2716 6.
196 2657 256 2717 htc
271 2660 483 2719 similitudine:
506 2668 525 2694 “
539 2664 698 2739 Purgatur,
713 2659 822 2736 inquit,
838 2659 855 2715 a
870 2678 894 2734 p.

73 2735 175 2805 ticum,
205 2739 282 2796 sicut
305 2741 394 2799 homo
418 2740 436 2800 d
454 2752 586 2819 peccato,
615 2751 757 2800 ettamen
771 2739 843 2795 inde
858 2759 893 2796 cu

72 2817 206 2874 nascitur
227 2820 381 2879 alterum.”

113 2896 214 2969 Quid,
237 2899 262 2957 si
286 2900 369 2959 Deus
393 2902 663 2980 concupiscentiam
686 2902 724 2958 ab
752 2899 854 2976 aliquo
878 2920 893 2956 a

74 2985 165 3053 prout
179 2996 244 3034 eam
267 2980 391 3040 abstulit
404 2981 422 3040 d
437 2985 467 3041 S.
480 2984 597 3040 Thoma
611 2982 773 3058 Aquinate,
788 2979 893 3037 tollere

74 3058 141 3114 tum
151 3059 393 3136 concupiscentia
406 3063 579 3139 personalis,
595 3062 648 3121 sed
661 3060 822 3118 habitualis
833 3071 893 3117 tam

78 3149 164 3196 neret
178 3138 342 3198 secundum
366 3153 541 3220 praesentem
557 3143 726 3200 divinorum
742 3141 893 3198 decretoru

80 3234 160 3288 nem,
175 3221 264 3296 quim
286 3232 386 3279 manet
409 3234 514 3281 natura
538 3222 668 3281 humana
678 3245 688 3292 3
709 3221 791 3278 unde
812 3240 849 3278 ex
873 3231 893 3279 tr

82 3294 181 3357 adhuc
193 3310 316 3377 peccato
329 3302 466 3382 originali
479 3303 628 3362 detinetur
648 3301 803 3360 obnoxius.

103 3460 141 3519 N.
166 3466 235 3526 137.
275 3460 334 3520 DE
355 3462 753 3523 CONTRAHENTIBUS
776 3462 893 3522 PECCA

419 3543 673 3640 ORIGINALE.

338 3662 371 3723 S.
392 3663 492 3725 Thon.
505 3671 602 3742 quau.
613 3671 732 3724 sumn.
746 3673 776 3722 s.

60 3778 90 3839 Ῑ·
125 3779 233 3846 Omnes
253 3785 437 3847 contrahunt
466 3787 616 3863 peccatum
661 3778 802 3853 originale
851 3776 893 3858 li

97 3861 279 3949 Christum,
323 3869 396 3933 111.
432 3867 477 3929 Et
504 3860 639 3922 diuinam
661 3852 826 3927 Virginem.
870 3849 893 3901 l
