2160 4072
119 62 165 153 ,4⁰
488 82 688 127 rnucrsrus

124 229 163 286 N.
179 235 228 298 29.
257 227 316 288 DE
339 227 1047 369 sclENTIARfflRECOND1T10NAT0-

275 470 300 528 Ι.
320 471 404 530 Deus
416 469 492 527 certo
503 467 577 527 novit
590 467 698 546 futuru
709 467 911 532 conditionata.

166 627 352 689 NUMERO
367 627 546 704 praecedenti
568 639 668 686 actum
689 637 734 685 est
755 627 793 685 de
819 626 1053 705 contingentibut

124 708 277 778 absolutis,
292 727 344 766 seu
358 727 424 784 quae
438 707 595 784 aliquando
617 708 764 779 existent;
786 707 836 766 hic
858 708 1009 785 agendum
1020 706 1055 767 de

124 788 365 866 contingentibus
379 787 597 860 conditionutis,
611 809 678 866 quae
690 808 846 866 nunquam
863 789 1001 858 existent,
1024 793 1053 845 et

125 869 206 948 qubd
216 867 366 948 pendeant
379 867 398 926 i
412 867 581 927 conditione
594 889 748 945 nunquam
760 868 908 946 ponenda.

164 949 326 1024 Quaeritur,
340 968 379 1005 an
391 949 475 1005 Deus
488 948 591 1007 talium
602 949 869 1008 conditionatorum
880 948 990 1009 habeat
999 967 1056 1007 cer·

123 1043 184 1090 tam
199 1029 371 1089 scientiam?
1051 1042 1067 1083 o

165 1112 190 1169 1.
206 1111 241 1170 R.
257 1111 341 1168 Deus
355 1112 435 1167 certo
450 1118 479 1166 et
499 1108 694 1167 infallibiliter
707 1109 758 1173 illa
772 1109 934 1188 cognoscit.
976 1106 1056 1167 Ratio

124 1190 260 1268 estquod
275 1190 352 1267 stupe
365 1190 396 1246 in
411 1188 566 1266 Scriptura
585 1190 675 1249 Sacra
686 1190 758 1248 talia
771 1187 973 1249 conditionate
985 1208 1061 1266 pru--

123 1270 242 1341 dixerit,
255 1269 453 1349 quaeproindb
464 1268 620 1346 cognovit:
639 1271 681 1328 sic
697 1278 722 1327 1.
739 1270 812 1347 Reg.
824 1290 888 1349 cup.
901 1276 950 1328 32.
961 1265 1060 1331 David,

124 1351 250 1429 inquirit
273 1353 291 1408 i
313 1352 380 1409 Deo
403 1370 442 1408 an
465 1351 628 1408 tradendus
646 1349 754 1409 esseti
775 1350 889 1409 Cellitis
910 1350 943 1408 in
957 1366 1056 1407 munus

126 1432 208 1504 Saul,
219 1431 374 1510 suppositi
387 1430 566 1501 conditione,
580 1430 663 1509 quod
676 1431 708 1488 in
722 1430 773 1488 illa
786 1430 905 1490 civitate
918 1437 1061 1498 muneret.

146 1513 153 1525 ⁶
453 1511 458 1524 '
484 1531 492 1546 .
509 1518 526 1544 cc
731 1515 748 1535 ’ν

128 1511 729 1669 ⁰¹qltlt³tt¹2⁸ltllta...{.f:l⁹¹;ttt
751 1521 911 1650 timont.
923 1610 952 1650 α
970 1598 1016 1651 11.
1029 1606 1055 1647 ..

126 1681 174 1733 21.
186 1673 239 1731 ubi
253 1671 483 1742 dicitChristus;
501 1679 520 1704 “
534 1672 587 1728 Vae
597 1672 663 1742 tibi,
678 1672 832 1740 Coroza'in,
847 1692 892 1729 vae
906 1671 964 1729 tibi
971 1668 1063 1731 Rett-

123 1753 227 1825 zaida;
250 1752 320 1831 quia
333 1751 358 1809 si
371 1751 403 1822 in
418 1753 501 1830 Tyro
524 1761 554 1809 et
568 1752 677 1811 Sidone
691 1752 777 1810 factae
801 1761 899 1810 esseut
925 1752 1056 1820 virtutes,

125 1841 146 1868 “
160 1853 226 1912 quae
240 1833 326 1892 fuctae
340 1844 410 1890 sunt
423 1833 455 1890 in
468 1832 563 1902 vobis,
577 1833 647 1891 olim
656 1833 688 1891 in
701 1832 798 1891 cilicio
808 1844 839 1893 et
852 1832 953 1891 cinere
964 1828 1063 1910 puni-'l

126 1922 145 1950 “
159 1915 282 1974 tentiam
293 1913 451 1990 egissent.”

166 1996 237 2075 Obj.
252 2015 280 2050 v.
294 2002 342 2054 24.
356 1992 490 2072 ejusdam
504 2013 567 2072 cap.
577 1993 609 2051 in
623 1992 712 2052 simili
726 1987 938 2070 exprobatione
953 1990 1059 2051 dicitur

126 2082 146 2110 “
160 2076 235 2134 forti
245 2079 274 2147 ;”
295 2095 368 2152 ergo
391 2073 528 2134 Christus
541 2094 601 2131 non
615 2073 720 2132 habuit
733 2073 818 2132 istius
832 2072 986 2132 scientiam
1000 2088 1064 2139 cer-v

124 2165 195 2226 tam,
210 2155 263 2214 sed
275 2155 392 2214 tantbm
406 2153 645 2233 conjecturalem.

168 2238 203 2295 R.
233 2238 301 2312 Neg
325 2255 442 2311 conseq.
467 2235 538 2313 quia
564 2233 711 2312 particula
735 2240 755 2267 ¹‘
768 2235 861 2293 fort&
887 2251 949 2291 non
976 2226 1069 2289 afficit

127 2316 237 2377 Christi
264 2315 426 2384 scientiam,
449 2314 502 2374 sed
523 2315 639 2373 tantum
664 2313 896 2392 contingentium
917 2311 1055 2382 effectum

126 2396 233 2457 deinde
243 2416 299 2475 pro
313 2405 331 2431 ‘⁸
347 2396 439 2454 fort&
453 2396 505 2453 alii
517 2397 701 2454 transferunt
713 2415 751 2454 ex
764 2407 863 2473 graeco
877 2401 896 2428 “
911 2393 1042 2471 utique?

157 2560 195 2619 N.
211 2565 260 2619 30.
282 2559 341 2618 DE
363 2557 517 2630 MEDIO,
540 2557 587 2615 IN
609 2554 700 2630 QUO
722 2557 837 2617 DEUS
858 2553 1035 2615 FUTURA

287 2654 623 2728 CONTINGENTIA
644 2651 899 2712 COGNOSCIT.

209 2817 234 2876 1.
257 2815 396 2881 Quontodo
415 2815 495 2872 Deus
507 2821 654 2892 cognoscat
668 2809 772 2886 futuru
785 2812 1000 2871 conditionata.-

166 2977 214 3034 ΙΝ
228 2995 289 3054 quo
302 2974 400 3032 medio
415 2975 499 3032 Deus
513 2973 632 3051 praescit
642 2973 745 3031 futura
758 2970 963 3047 contingentia
980 2975 1072 3035 absu-

126 3058 200 3126 luta,
214 3077 268 3115 seu
281 3074 348 3133 quae
361 3053 517 3131 aliquando
537 3054 684 3112 existent?

168 3140 203 3196 R.
219 3138 258 3197 1⁰.
273 3135 434 3194 Thomistae
449 3135 604 3202 sustinent,
616 3137 715 3192 Deum
730 3132 781 3190 illa
792 3132 931 3210 praescire
945 3134 978 3191 in
1003 3135 1072 3197 suin

128 3218 254 3277 decretis
267 3216 612 3294 praedeterminantibus;
628 3214 681 3273 sed
694 3214 800 3282 obstat,
816 3213 899 3291 quid
907 3214 1069 3290 predeter.

125 3298 249 3358 minatio
262 3297 387 3376 physica
399 3295 437 3353 ad
451 3315 568 3354 ornnem
583 3306 692 3364 actum,
718 3293 799 3351 salvt
825 3293 884 3353 Dei
898 3297 1072 3371 sanctitate,

130 3397 191 3437 non
204 3379 342 3437 videatur
355 3396 440 3453 posse
454 3375 579 3445 admitti,
591 3376 634 3433 uti
646 3374 716 3432 alibi
730 3374 905 3432 ostenditur.

167 3457 210 3518 2⁰.
226 3458 357 3532 Quidam
379 3455 469 3514 deum
488 3456 540 3513 illa
563 3457 595 3513 in
616 3459 669 3513 sut
695 3454 858 3513 aeternitate
885 3472 1072 3533 cognoscere

127 3547 235 3618 putant
246 3562 255 3611 ;
284 3536 355 3615 quia
377 3537 476 3594 omnia
496 3536 610 3595 suntin
623 3535 786 3594 aeternitate
812 3537 994 3613 praesentiae
1017 3534 1072 3599 sed

128 3618 197 3678 crim
204 3617 320 3677 tantlm
336 3616 374 3674 sit
388 3617 543 3694 praesentin
551 3617 708 3695 objectiva,
717 3634 778 3674 non
788 3615 884 3686 realis,
894 3617 939 3674 uti
953 3616 1072 3679 dictum

126 3711 173 3757 est
191 3701 283 3757 Num.
310 3706 358 3768 17,
388 3698 471 3755 Deus
481 3695 533 3755 illa
546 3716 607 3754 non
620 3695 787 3774 praenoscit,
825 3698 894 3774 quia
907 3707 979 3756 sunt
992 3719 1072 3778 pro·

114 3779 223 3847 sentia,
241 3779 297 3837 sed
308 3778 416 3858 potiris
429 3778 499 3838 ideo
514 3777 632 3839 suntin
645 3777 809 3837 aeternitate
818 3778 989 3852 presentis,
1001 3781 1072 3858 quia

98 3859 117 3911 ὲ
132 3858 208 3916 Deo
220 3872 482 3938 praenoscuntur.
