2152 4066
91 97 158 182 308
475 136 676 182 reseratus

98 310 100 315 ’
136 281 642 354 Econtrrriimodusdexteritatis,
656 281 835 362 prudentia,
862 279 1033 355 subtilitatis,
1063 314 1075 341 ,l

87 374 151 422 etc.
176 384 237 442 quo
250 364 328 422 actio
341 365 420 422 mala
440 365 596 423 commissa
609 373 662 434 est,
687 383 748 422 non
762 373 808 422 est
821 361 990 422 secundino
1014 384 1035 423 se
1073 404 1076 416 .

95 441 209 503 malus:
235 455 268 502 et
281 444 405 522 proinde
419 444 577 503 delectatio
591 443 629 503 de
639 444 692 503 tali
707 444 799 502 modo
809 461 873 502 non
887 452 934 500 est
947 460 1001 520 per
1013 463 1036 503 se
1075 473 1076 494 κ

95 523 191 596 mala3
212 523 283 583 hinc
297 526 387 583 Lucra
412 545 478 622 cap·
502 524 547 584 16.
569 545 596 583 v.
614 533 642 584 8.
685 530 705 558 “
719 522 872 583 Laudavit
895 523 1037 584 Dominus
1073 551 1075 578 ι

96 610 117 637 “
132 603 265 662 villicum
276 602 468 682 iniquitatis,'
490 625 550 663 non
565 606 596 663 in
616 605 681 684 ipso
705 616 795 681 opere
819 603 910 674 malo,
936 602 988 661 sed
1012 604 1034 663 in
1065 639 1074 659 s

96 683 185 742 modo
209 685 361 762 ingenioso
381 696 411 744 et
433 685 586 763 prudenti,
613 705 673 763 quo
685 684 865 762 injustitiam
889 681 1034 743 commisit

97 762 212 823 Pariter
235 765 267 822 in
280 766 363 824 furto
386 765 568 825 delectamur
582 777 613 825 et
626 766 758 824 ridemus
772 764 811 823 de
824 763 918 821 modo
933 762 1033 837 subtili,

96 862 158 918 quo
171 864 218 904 res
231 845 328 904 aliena
340 846 439 905 ablata
449 857 503 916 est,
523 847 724 924 improbantes
738 845 833 923 ipsam
859 843 1033 922 injustitiam
1061 884 1076 905 ,..

98 922 183 983 Idem
197 936 242 985 est
252 925 290 985 de
303 926 471 1004 eloquentia
479 927 672 996 detrahentis,
682 925 861 985 dexteritate
870 923 1034 1003 pugnantia,
1060 905 1076 1066 ἶ

95 1013 151 1065 etc.

138 1086 210 1165 obj.
225 1087 336 1146 Modus
349 1087 476 1158 subtilis,
490 1107 551 1166 quo
564 1106 594 1148 a.
608 1107 639 1164 g.
652 1087 767 1145 furtum
781 1083 989 1154 committitur,
998 1095 1034 1144 est
1061 1072 1076 1205 Ι

92 1164 260 1226 formaliter
273 1167 378 1236 malus,
389 1167 456 1226 edm
467 1168 643 1227 adhibeatur
654 1187 691 1226 ex
706 1167 765 1225 fine
778 1165 954 1244 injustitiae:
972 1184 1034 1243 erga

99 1245 255 1384 dellectatio
269 1247 370 1306 detali
389 1259 443 1307 aut
461 1248 549 1308 simili
563 1248 654 1307 modo
667 1259 712 1307 est
725 1246 811 1319 mala,
839 1256 948 1324 utpote
960 1244 996 1304 de
1007 1266 1035 1315 re

99 1345 186 1385 maa.
691 1341 694 1350 ·
1075 1343 1076 1348 ’

139 1407 174 1464 1r.
191 1409 268 1486 Neg.
282 1428 400 1488 conseq.
425 1409 501 1468 ratio
514 1419 568 1480 cst,
599 1409 682 1488 quod
700 1405 859 1468 delectatio
879 1425 943 1465 non
958 1406 991 1465 fit
1001 1407 1034 1466 de

98 1486 195 1546 modis
221 1489 285 1548 istis
306 1489 339 1547 in
360 1489 516 1548 individuo
530 1490 731 1560 consideratis,
745 1508 798 1548 seu
822 1497 916 1565 prout
930 1498 997 1546 sunt
1008 1487 1034 1546 in

98 1586 189 1644 opere
202 1570 291 1642 malo,
311 1570 362 1628 sed
376 1569 534 1629 delectatio
541 1581 586 1629 est
595 1571 634 1628 de
645 1570 742 1629 modis
753 1568 915 1628 secundim
921 1562 960 1627 'se
970 1568 1034 1626 etin

99 1647 255 1720 abstracto,
262 1669 312 1708 seu
323 1661 413 1727 prout
422 1661 491 1709 sunt
501 1653 538 1709 ab
543 1670 632 1728 opere
637 1651 776 1709 abstracti
781 1672 791 1721 ;
800 1647 1034 1706 undedelectatio

99 1726 166 1786 talis
177 1740 231 1800 est,
240 1730 336 1807 qualis
346 1731 432 1802 foret,
439 1731 462 1790 si
473 1731 553 1789 modi
563 1730 607 1788 illi
617 1731 821 1789 invenirentur
829 1729 860 1786 in
867 1749 901 1786 re
912 1728 1035 1787 honesta

140 1807 164 1864 l'
171 1809 193 1867 1.
213 1811 318 1869 Facilis
331 1821 431 1869 tamen
442 1820 487 1869 est
495 1811 641 1870 transitus
655 1812 686 1869 in
701 1809 897 1871 delectatione
912 1810 928 1865 i
942 1809 1035 1886 cogni·

92 1887 179 1946 tione
188 1889 237 1948 vel
247 1891 337 1950 modo
348 1891 393 1949 rei
404 1890 498 1963 mala,
512 1892 550 1950 ad
561 1892 784 1951 delectationem
791 1889 971 1967 circaipsam
980 1909 1035 1948 rem

97 1967 215 2041 malam,
239 1971 402 2048 praesertim
415 1972 450 2053 in
462 1973 640 2042 carnalibus,
664 1972 797 2030 vindicta
815 1980 847 2028 et
859 1968 1036 2047 hujusmodi,

98 2047 136 2105 ad
151 2070 218 2128 quae
227 2050 388 2129 proclivior
401 2062 445 2111 est
455 2052 609 2111 infirmitas
623 2064 722 2111 nostra
733 2063 845 2128 ;atque
858 2050 902 2108 ita
916 2049 1038 2109 delecta·

97 2129 140 2189 tio
154 2131 192 2188 de
212 2132 381 2207 cognitione
395 2133 442 2191 vel
456 2133 544 2190 modo
559 2153 637 2209 saepe
651 2144 696 2191 est
708 2130 882 2209 periculosa.

139 2210 222 2270 Hinc
236 2215 250 2270 ὲ
264 2213 349 2289 gravi
372 2231 432 2271 non
456 2213 597 2272 videntur
621 2211 792 2283 excusandi,
821 2211 874 2287 qui
896 2210 1037 2268 intersunt
1067 2262 1069 2269 .

98 2292 250 2350 comoediis
274 2288 447 2365 inhonestis,
472 2299 571 2364 causi,
592 2303 626 2352 ut
640 2295 733 2364 aiunt,
759 2290 915 2370 spectandi
928 2290 1036 2349 tantinn
1063 2324 1066 2329 ·

97 2372 286 2432 artificiosum
296 2373 430 2446 modum
440 2374 617 2432 nimisenim
629 2373 829 2452 periculosum
840 2382 895 2440 est,
907 2391 946 2429 ne
956 2371 1036 2429 simul
1061 2402 1076 2442 ςῑ

99 2452 186 2510 etiam
201 2454 385 2512 delectentur
399 2455 436 2512 de
447 2455 511 2532 ipsa
519 2475 561 2514 re.
604 2454 723 2513 Deinde
734 2454 766 2512 hi
777 2462 961 2529 spectatores
976 2471 1037 2509 cen·
1059 2486 1067 2541 {ff

100 2545 201 2591 sentur
212 2554 280 2592 cum
295 2534 408 2593 ceteris
429 2535 651 2613 interpretativa
673 2534 838 2594 consentire
851 2545 1035 2610 repraesenta·
1058 2568 1076 2608 ¹.

99 2612 173 2670 tioni
184 2616 329 2674 obscoena
344 2637 357 2687 ·;
372 2615 484 2673 sienim
493 2635 554 2672 non
567 2626 665 2674 essent
676 2624 866 2694 spectatores,
876 2624 1035 2672 necessest
1058 2644 1065 2694 p

94 2692 174 2752 ¹tales
187 2695 350 2755 comoediae.

142 2774 255 2834 Pariter
268 2777 355 2836 multi
367 2795 430 2835 sese
443 2775 561 2846 fallunt,
574 2775 724 2836 liberrime
739 2773 889 2834 narrando
902 2773 981 2832 facta
994 2785 1034 2834 aut

99 2854 236 2914 historias
250 2857 392 2934 quasdam
407 2856 556 2914 mirabiles
571 2857 723 2934 deprocis,
739 2855 863 2933 sponsis,
878 2864 935 2912 etc.
950 2865 980 2912 et
992 2853 1034 2912 de·
1062 2853 1076 2927 ξ

100 2935 247 2994 lectantur
262 2938 467 3014 miranturque
481 2937 566 3015 quasi
577 2937 615 2994 de
628 2937 727 3006 modo,
755 2956 815 3012 quo
829 2935 910 2993 facta
922 2934 1035 2992 veihis·
1063 2933 1076 2981 Ι

100 3015 183 3072 toriae
199 3021 398 3094 contigerunt,
422 3014 490 3074 crim
513 3018 632 3075 interim
654 3017 839 3075 delectentur
860 3015 901 3073 de
921 3034 956 3072 re
970 3015 1033 3092 ipsa,
1072 3079 1076 3086 ,⁴

101 3095 147 3153 uel
163 3095 201 3154 de
208 3096 298 3154 modo
308 3097 337 3154 in
348 3096 514 3166 individuo,
520 3117 572 3155 seu
583 3109 673 3176 prout
683 3107 728 3155 est
741 3098 773 3155 in
785 3097 949 3174 ipsoopere
959 3094 1034 3152 mala
1065 3082 1076 3140 l

142 3177 299 3234 Undenam
314 3177 449 3254 dignosci
462 3189 571 3255 potest,
592 3177 674 3255 qudd
682 3176 844 3236 delectatio
857 3175 971 3233 tantum
981 3175 1034 3232 fue·
1069 3175 1076 3216 l

101 3258 140 3314 rit
163 3256 199 3315 de
230 3258 400 3335 cognitione
429 3258 478 3316 vel
498 3258 587 3316 modo
607 3258 651 3316 rei
670 3258 767 3327 malas,
787 3275 846 3313 non
868 3256 908 3314 de
924 3257 992 3333 ipsa
1008 3273 1035 3312 ra

102 3336 199 3394 mala>

144 3420 178 3476 ll.
195 3417 269 3478 Cdrn
286 3420 460 3498 Steyaertio,
475 3418 593 3477 difficili
609 3417 818 3477 delectationes
828 3415 895 3474 illas
908 3414 1037 3484 discerni,

100 3498 158 3555 nisi
172 3498 258 3569 forte,
273 3502 326 3558 ubi
341 3501 472 3561 noscitur
486 3500 613 3576 positiva
633 3499 741 3556 mentis
753 3497 868 3556 aversio
890 3500 906 3554 a
925 3516 958 3554 re
973 3497 1036 3573 ipsa.

104 3579 226 3636 Interim
238 3602 294 3658 pro
315 3580 436 3657 aliquali
457 3580 634 3639 discretione
655 3579 766 3636 servire
778 3587 922 3656 poterunt
935 3573 1041 3653 regula

88 3679 127 3717 ae
151 3672 264 3722 nentes,

128 3679 206 3803 lfll.
227 3746 353 3821 l'rima3
372 3746 398 3806 si
409 3743 577 3806 delectatio
586 3740 630 3800 sit
640 3737 724 3804 talis,
747 3731 1067 3818 mithraperc'xpxmeex

11 3882 21 3911 k
63 3823 141 3901 apsa
149 3847 186 3886 re
197 3832 301 3912 turpi,
311 3831 392 3892 dum
404 3846 548 3913 praesens
560 3821 707 3900 est,qu
715 3809 1066 3898 cumatmtlxfflw
