2160 4072
88 102 154 173 316
465 98 667 167 aracrarus'

89 281 266 352 praesentem
285 268 447 329 voluntatis
460 287 648 340 consensum,
670 276 724 327 aut
742 264 877 326 affectum
889 264 950 346 impu

89 354 169 413 cirea
187 351 265 412 illud
292 351 452 431 objectum,
471 359 562 428 prout
581 349 688 409 obvius
710 366 812 407 sensus
831 346 922 416 habet,
941 357 950 406 t

89 432 168 492 mala
181 444 246 505 est;
270 431 340 510 quia
362 428 524 490 voluntatis
545 428 668 489 affectus
688 429 727 488 sit
741 427 950 508 conformisobjt

87 512 176 573 malo.
815 514 819 521 “

130 593 192 653 Ill.
208 591 272 651 Nec
280 594 386 661 obstat,
402 589 482 670 quod
491 608 651 650 consensus
662 588 781 650 dicatur
795 587 950 648 conditional

87 693 158 733 nam
171 671 287 732 tantdm
301 684 346 731 est
360 670 577 731 conditionatus
600 690 637 731 ex
663 681 750 750 parte
772 668 889 748 objecti,
907 684 950 725 non

89 763 175 833 parte
188 755 271 812 actus
285 751 447 811 voluntatis
454 774 465 823 ς
480 750 659 829 supponitur
668 750 759 821 euim,
791 747 851 809 uod
864 746 950 826 aliquis

89 834 213 894 luntatis
224 852 395 903 consensus,
410 843 463 891 aut
473 832 688 910 complacentia
701 771 840 909 quadam
853 829 927 888 adsit

128 914 192 974 Sub
206 912 309 972 eadem
323 912 512 972 distinctione
522 911 761 991 respondendum
769 910 810 970 ad
816 909 870 970 has
879 919 906 968 et
915 906 950 966 sin

88 993 293 1073 expressiones
305 1013 340 1052 ac
354 992 562 1071 cogitationes:
583 993 608 1051 si
620 1012 682 1052 non
692 1011 787 1051 essem
803 988 942 1057 Sacerdos,

88 1072 213 1144 nicarer,
236 1092 413 1153 pugnarem,
433 1091 494 1131 non
517 1074 704 1131 observarem
726 1071 827 1151 legem
842 1067 945 1152 jejunii,

87 1152 168 1213 Vide
183 1154 276 1214 Num.
291 1161 340 1214 52.
354 1153 407 1213 ubi
417 1151 576 1212 haeclstiirs
590 1152 719 1212 deducta
732 1167 811 1212 sunt.

81 1236 84 1241 '
130 1237 181 1294 An
194 1245 301 1313 peccat
314 1233 375 1304 ille,
389 1233 442 1312 qui
456 1230 614 1304 desiderat,
629 1243 664 1292 ut
673 1232 790 1311 aliquid
802 1250 863 1290 non
876 1238 939 1290 esset

90 1313 164 1385 lum,
179 1314 262 1394 quod
272 1325 371 1374 tamen
380 1314 444 1393 jam
458 1324 503 1373 est
516 1312 651 1373 malum?

130 1395 186 1456 1v.
203 1397 238 1455 R
260 1394 291 1453 Si
311 1394 388 1454 illud
411 1413 472 1453 non
493 1393 533 1452 sit
554 1391 712 1452 intrinseci
733 1392 857 1462 malum,
877 1388 950 1450 atsi

90 1485 223 1554 cuperet,
235 1485 270 1535 ut
282 1474 373 1534 hodie
388 1473 434 1550 (iu
448 1472 605 1553 supposito
618 1472 699 1553 quod
713 1473 752 1533 sit
765 1472 829 1532 dies
839 1469 947 1553 jejunii)

89 1565 167 1616 esset
173 1555 381 1637 jejunandum,
395 1564 493 1633 potest
505 1573 567 1613 non
580 1572 643 1613 esse
655 1564 823 1633 peccatum,
836 1553 903 1632 quia
913 1560 950 1610 tan

88 1636 164 1707 vult,
180 1647 215 1695 ut
224 1635 363 1695 voluntas
385 1635 563 1715 legislatoris
575 1644 719 1706 mutetur,
740 1654 808 1714 quae
822 1631 950 1692 rererdm

88 1715 158 1774 bilis
171 1726 224 1775 est.

132 1796 164 1855 Si
174 1807 274 1860 autern
284 1796 361 1855 illud
371 1798 409 1857 sit
418 1797 575 1856 intrinseci
584 1796 706 1866 malum,
715 1815 744 1853 v.
753 1815 784 1873 g.
794 1795 864 1874 quis
873 1792 950 1853 vellet

90 1896 156 1935 esse
168 1877 281 1936 malum
295 1877 446 1947 fornicari,
459 1877 563 1946 furari,
574 1889 621 1937 etc
643 1887 798 1956 peccaret:
821 1875 893 1954 quia
903 1873 950 1935 tali:

91 1955 181 2016 lendo
193 1969 245 2018 aut
256 1957 452 2017 desiderando
463 1977 524 2016 non
544 1977 607 2016 esse
620 1956 731 2016 malum
753 1955 796 2026 id,
823 1956 904 2034 quod
920 1972 950 2032 pe

90 2039 252 2097 necessario
267 2038 377 2097 malurn
391 2048 445 2106 est,
459 2037 681 2115 interpretativa
702 2036 769 2095 vult
788 2056 919 2094 eversam
931 2034 950 2092 lc

90 2118 256 2177 naturalem
272 2129 301 2177 et
314 2130 465 2187 aeternam,
482 2128 572 2195 atque
586 2128 620 2177 ut
634 2128 770 2176 ereatura
782 2115 932 2175 rationalis
940 2115 950 2193 j

89 2200 289 2258 necessarium
309 2209 423 2257 naturae
444 2197 578 2256 ordinem
593 2200 608 2255 a
624 2198 691 2256 Deo
702 2216 762 2256 non
776 2207 908 2275 regatur.
946 2196 950 2254 l

89 2275 194 2336 dieunt
207 2278 359 2338 Authores
372 2278 449 2337 illud
461 2277 642 2336 desiderium
661 2278 748 2358 pejus
763 2296 837 2348 esse,
860 2276 946 2356 quim

88 2357 207 2436 pliciter
217 2358 316 2437 legem
328 2369 442 2418 naturae
458 2356 635 2436 transgredi.

90 2520 130 2577 N.
143 2525 208 2581 123.
231 2521 289 2579 DE
300 2518 664 2580 CIRCUMSTANTIIS
679 2517 858 2578 OBJECTl
874 2518 950 2577 DEI

354 2600 560 2660 TATIONIS
576 2598 773 2658 MOROSAE.

89 2719 114 2777 1.
139 2719 274 2778 Voluntas
299 2721 392 2798 operis
414 2719 553 2778 contraiit
577 2719 714 2779 malitiam
741 2717 950 2779 circumstantia

76 2844 80 2852 .
129 2799 173 2857 ll.
187 2799 321 2876 Etjuslo
332 2799 479 2878 plerosque
491 2798 635 2859 delectatio
647 2818 764 2857 moroso.

127 2920 188 2977 AN
200 2918 357 2978 delectatio
367 2917 405 2976 de
419 2919 537 2997 objecto
550 2939 602 2978 seu
616 2938 706 2997 opere
716 2918 795 2976 malo
809 2919 950 2978 contrahit

88 2997 182 3056 litiam
198 3000 332 3056 omnium
346 2999 634 3059 circumstantiarum
648 2998 734 3057 istius
748 2998 872 3077 operis?

129 3078 153 3136 Ι.
170 3079 204 3136 R.
220 3078 341 3137 Certum
354 3079 386 3136 in
400 3079 505 3157 primis
526 3091 580 3149 est,
603 3078 683 3157 quod
697 3077 837 3141 voluntas
851 3098 905 3138 seu
919 3081 950 3140 de

86 3158 165 3217 rium
180 3159 277 3237 operis
290 3159 439 3218 contrahit
451 3159 594 3218 malitiam
604 3159 736 3218 omnium
747 3159 950 3220 circumstanti

86 3258 147 3297 non
157 3238 369 3298 invincibiliter
377 3239 578 3316 ignoratarum
588 3263 598 3311 ,·
610 3238 681 3316 quia
688 3239 827 3297 voluntas
838 3240 950 3318 operis]

87 3319 221 3377 eamdem
235 3318 386 3390 malitiam,
402 3339 490 3396 quam
505 3319 595 3378 habet
609 3319 706 3398 ipsum
729 3339 814 3397 opus,
827 3319 917 3397 juxta
942 3323 950 3380 l

32 3438 34 3442 -
88 3396 189 3536 dgilpta
202 3398 339 3458 voluntas
349 3399 516 3458 fornicandi
527 3420 594 3459 cum
610 3399 770 3478 conjugata
783 3399 878 3460 habet
891 3401 950 3462 mal

88 3497 106 3535 a
161 3478 236 3537 terii.

129 3556 170 3616 2⁰.
183 3559 305 3618 Certum
315 3561 465 3629 etiamst,
480 3559 561 3638 quod
571 3559 729 3620 delectatio
739 3579 857 3620 morosa
867 3562 950 3623 etism

91 3635 244 3698 voluntate
257 3640 365 3718 operis,
379 3639 534 3699 contrahat
547 3640 688 3699 malitiam
703 3641 823 3700 illarum
838 3642 950 3702 circum

82 3717 208 3793 tiarum,
237 3741 315 3802 quas
339 3721 376 3781 in
397 3720 518 3800 obiecto
544 3720 753 3797 apprehendit,
769 3731 802 3776 et
811 3723 834 3778 a.
844 3723 950 3796 quibus

72 3800 254 3865 abstrahite
272 3805 361 3865 etita
375 3803 402 3864 si
415 3800 488 3882 quis
500 3799 669 3858 delectetur
684 3797 725 3852 de
737 3795 950 3884 copmacnmn

66 3893 106 3944 ut
123 3887 386 3969 consanguinea,
398 3880 565 3947 contrahit
573 3871 886 3936 montaniacum,
