2152 4066
389 117 435 166 nn
451 115 625 166 arcearis.
910 102 977 172 847

71 271 93 329 1.
111 270 146 329 ll.
164 266 229 336 Illa,
254 287 291 325 ex
304 266 414 344 quibus
427 262 521 326 veluti
542 261 693 347 capitibus
715 275 746 327 et
760 268 894 328 lontibus
918 270 976 330 alia

58 362 153 410 eccata
176 347 415 426 proficiscuntur.

68 428 225 490 Dicuntur
237 428 376 506 capitalia
388 426 599 505 metaphorice,
623 431 772 508 quatenus
789 440 860 489 aaut
875 448 972 490 causae

58 510 155 569 iorum
170 522 369 588 peccatorum,
383 508 533 585 praecipua
547 526 602 586 per
623 509 746 567 modum
760 528 854 569 causa
867 510 975 582 finalis,

58 592 207 668 quantum
219 605 326 666 nempe
340 588 452 646 habent
462 587 578 666 objecta
584 590 706 666 propria
716 590 796 662 talia,
819 601 855 650 ut
868 590 975 649 horum

58 692 128 729 rore
143 671 200 731 alia
213 669 322 748 passim
342 665 464 746 peccata
484 669 714 729 committantur.
746 744 749 748 Ι

64 750 112 809 11.
124 751 297 809 Notandum
307 749 409 826 itaque
417 760 540 827 peccata
549 749 685 828 capitalia
698 767 757 808 non
772 749 850 808 idem
862 749 974 828 signifi·
1007 790 1009 800 .

58 851 103 900 re,
121 831 203 909 quod
214 837 234 865 ⁴‘
243 829 373 888 maxima
381 852 391 901 3
400 832 417 852 ''
430 827 501 907 quia
513 829 602 908 plura
614 830 750 888 alia-sunt
758 829 816 887 illis
826 832 973 907 graviora,

65 931 101 988 g.
118 923 240 990 peccata
254 911 389 988 opposita
403 909 563 968 virtutibus
575 909 774 987 Theologicis.

62 992 131 1050 111.
149 995 255 1068 Neque
269 991 349 1048 idem
372 989 549 1068 significare,
576 991 659 1068 quod
681 988 881 1060 “mortalia3''
904 1008 973 1048 nam

58 1092 89 1130 se
114 1081 250 1150 possunt,
273 1082 304 1129 et
317 1090 395 1147 saepe
420 1080 490 1128 sunt
513 1071 649 1140 venialia,
674 1071 788 1129 etiamsi
812 1069 973 1129 deliberate

58 1154 261 1221 mittantur,
276 1161 310 1209 ut
320 1150 416 1228 liquet
424 1151 455 1208 in
469 1150 523 1221 ira,
537 1151 649 1217 acedia,
664 1162 720 1210 etc.

60 1233 154 1306 Quot
164 1241 233 1291 sunt
246 1241 368 1308 peccata
381 1231 540 1308 capitalia?

61 1313 123 1370 lv.
141 1315 175 1371 R.
188 1332 265 1371 cum.
286 1311 317 1369 S.
332 1312 424 1387 Greg.
439 1309 490 1370 lib.
507 1319 554 1371 31.
570 1311 731 1371 Moralium
753 1326 816 1388 cap·
832 1317 882 1370 31.
898 1320 928 1368 et
943 1311 972 1370 S.

58 1412 136 1451 rom.
152 1403 206 1452 art.
221 1400 248 1450 4.
263 1411 327 1450 esse
339 1402 462 1469 septem,
478 1392 591 1450 scilicet
604 1393 784 1470 superbiam,
808 1391 971 1462 avaritiam,

58 1474 188 1544 ruriam,
210 1471 364 1541 invidiam,
392 1471 505 1549 gulam,
534 1471 609 1530 iram
620 1482 651 1529 et
664 1471 807 1542 acediam,
829 1470 972 1542 ,Quorum

58 1564 134 1614 terae
147 1553 275 1612 initiales
285 1552 492 1630 exprimuntur
507 1551 576 1610 ficto
586 1551 643 1611 hoc
653 1550 798 1610 vocabulo
809 1557 829 1585 “
844 1551 972 1628 saligia.'’

63 1635 187 1709 Quibus
201 1633 363 1693 virtutibus
387 1631 437 1690 illa
458 1641 573 1710 septem
594 1643 716 1710 peccata
729 1630 866 1708 capitalia
879 1651 972 1709 oppo-

58 1718 164 1774 intur?

64 1796 105 1852 V.
121 1797 156 1854 R.
173 1794 230 1852 His
244 1805 367 1872 septem,
392 1812 460 1870 quae
473 1802 544 1852 sunt
563 1791 731 1862 humilitas,
749 1791 882 1869 largitas,
911 1810 973 1850 cas-

58 1897 105 1944 as,
116 1876 294 1952 benignitas,
305 1874 510 1952 temperantia,
524 1872 729 1943 mansuetudo,
745 1882 776 1931 ct
788 1871 908 1931 devotio
922 1890 974 1930 seu

59 1956 131 2015 dola
151 1956 255 2034 pietas.

270 2115 309 2178 N.
327 2125 391 2176 142.
435 2117 493 2174 DE
516 2115 734 2175 SUPERBlA.

106 2281 141 2338 S.
159 2278 256 2340 Tlom.
270 2301 295 2358 q.
312 2285 360 2338 84.
375 2287 430 2338 art.
447 2288 474 2339 5.
489 2278 551 2336 item
565 2286 594 2337 2.
609 2283 636 2334 2.
647 2296 674 2354 q.
691 2281 756 2334 132.
778 2281 805 2330 et
827 2271 894 2333 162.

58 2397 224 2476 .Saperbiu,
266 2397 308 2459 ll.
331 2399 384 2456 Est
398 2418 431 2455 ea
443 2415 608 2477 generosam
628 2394 763 2453 mortalis.
805 2391 865 2451 111.
897 2389 974 2458 Qua·

66 2487 131 2536 tuor
157 2478 219 2554 ejus
242 2478 356 2557 species.
398 2479 469 2538 IV.»
483 2475 667 2544 Quandonam
694 2473 730 2532 sit
758 2471 894 2531 mortalis.
936 2470 972 2526 V·

67 2557 283 2636 Inanisgloriu.
324 2558 379 2616 Vl.
393 2558 478 2618 Filiae
501 2554 648 2632 superbire.
690 2553 764 2613 Vll.
792 2549 831 2608 Ei
855 2547 971 2628 opponi-

67 2644 114 2693 tur
129 2637 284 2695 humilitas.

68 2755 182 2826 QUID
198 2767 242 2815 est
251 2756 413 2833 superbia?

66 2836 108 2894 R.
125 2838 180 2894 Est
187 2836 371 2896 inordinatus
379 2857 461 2896 amor
472 2854 524 2896 seu
534 2842 684 2913 appetitus
693 2831 822 2913 propria
830 2827 975 2890 excellen-

58 2937 87 2978 e.

68 2997 95 3054 1.
114 2996 277 3076 Objeotum
292 2998 357 3076 ejus
369 2996 492 3056 formale
506 3006 551 3054 est
564 2992 738 3053 excellentia
749 2990 881 3072 propria,
896 3008 976 3080 vera,

58 3077 76 3136 el
92 3078 291 3155 apprehensa,
317 3079 379 3136 sive
392 3078 547 3156 perfectio,
562 3095 652 3153 quam
671 3074 738 3152 quis
751 3074 842 3131 habat
854 3079 906 3127 aut
920 3068 976 3125 srbr

58 3160 212 3234 raginatur
222 3159 342 3217 habere.
372 3158 533 3236 Objeotum
548 3154 698 3214 materiale
708 3164 753 3212 est
765 3173 812 3211 res
826 3168 976 3228 quacum-

58 3258 103 3309 1e,
118 3240 150 3296 in
164 3258 223 3315 qua
236 3239 357 3317 propria
378 3237 552 3297 excellentia
571 3236 716 3312 quaeritur
724 3255 733 3304 ;
762 3233 836 3290 alter
850 3247 977 3317 namque

58 3319 204 3377 tumescit
217 3338 298 3388 auro,
320 3318 394 3376 alter
407 3317 588 3396 eloquentia,
602 3314 677 3375 alter
690 3313 798 3372 infimis
811 3322 841 3371 et
853 3319 977 3367 terrenis

58 3399 134 3470 =bus,
150 3408 207 3459 etc.
217 3400 258 3457 ait
270 3401 298 3458 S.
312 3400 403 3476 Greg.
418 3399 470 3456 lib.
482 3405 529 3457 34.
545 3396 704 3454 Moralium
719 3400 848 3470 cap218.

71 3477 230 3550 Quantum
249 3488 406 3556 peccatum
420 3488 465 3537 est
478 3476 637 3555 superbia?

74 3558 121 3618 11.
139 3560 173 3617 R.
184 3559 243 3618 *Est
256 3580 293 3617 ex
306 3579 416 3637 genere
429 3558 483 3617 suo
495 3566 650 3635 peccatum
673 3554 797 3613 mortale
811 3574 820 3614 ε
847 3549 916 3627 quia
936 3546 976 3640 acl

58 3656 123 3697 om.
150 3658 224 3716 cap..
241 3646 266 3698 1.
281 3661 308 3697 v.
333 3647 380 3698 30.
396 3640 516 3718 superbi
536 3645 731 3696 numerantur
748 3634 827 3692 inter
844 3651 904 3700 eos,
927 3647 979 3704 qur

58 3718 200 3810 lgnffumt
211 3729 316 3778 morte.
361 3720 449 3801 Saepe
462 3731 562 3781 tamen
582 3728 628 3780 est
646 3715 764 3778 ramale
781 3732 821 3774 ea
836 3708 987 3791 paruitate

58 3807 162 3854 aterrae.
