2152 4066
277 107 322 151 nn
345 104 489 150 acrinus
512 92 680 149 nannum.
885 90 951 157 217

10 252 112 313 rodem
124 254 256 325 nornine,
271 270 333 331 quo
341 254 493 332 passiones
502 252 575 321 istoe,
590 251 797 330 appellantur3
810 250 951 313 videlicet

10 352 101 405 mor,
122 335 237 405 odium,
258 352 335 411 spes,
357 333 533 411 desperatio,
555 343 611 391 etc.

45 416 196 489 Quasnam
221 425 266 474 est
288 414 367 472 inter
388 414 459 473 istos
481 429 565 472 actus
579 411 740 471 voluntatis
754 423 784 472 et
796 415 948 493 passiones

12 494 201 555 differentia?
612 558 616 565 ,

51 575 74 634 l.
90 578 127 635 R.
138 578 224 646 Haec,
235 572 315 652 quid
325 584 409 635 actus
419 575 462 633 illi
475 574 535 633 sint
544 585 657 632 natura
667 570 835 633 affectiones
845 574 951 634 elicito

16 657 201 725 immutate,
216 657 364 735 dirigente
379 655 542 723 intellectu,
565 655 682 712 nullum
707 655 745 713 de
769 675 801 713 se
820 654 952 734 corporis

18 736 245 795 inmutationem
272 738 478 815 requirentes3
505 736 656 813 passiones
684 738 753 793 veru
777 747 847 794 sunt
870 748 953 795 actus

21 816 101 875 eliciti
125 819 164 876 ab
187 817 322 895 appetitu
350 817 500 887 sensitivo,
528 816 676 885 dirigente
698 815 864 895 phantasia,
885 836 954 875 curn

10 898 139 975 'qudam
152 898 286 976 corporis
301 897 514 955 immutatione.

10 1002 17 1038 ε
54 976 182 1037 Proinde
191 996 273 1036 amor
286 978 452 1046 sensitivus,
466 977 517 1054 qui
533 987 577 1036 est
589 975 695 1053 passio,
709 976 904 1056 distinguitur
918 979 956 1036 ab

10 1077 109 1117 :more
120 1058 266 1128 rationali,
280 1057 333 1135 qui
344 1069 389 1115 est
399 1070 482 1116 actus
494 1058 653 1127 voluntatis
662 1058 788 1117 tendens
802 1060 831 1115 in
843 1059 957 1116 bonum

10 1156 64 1217 epar
86 1137 274 1196 intellectum
298 1138 535 1215 apprehensum:
563 1139 697 1196 similiter
717 1139 816 1217 passio
830 1139 957 1197 tristitiar-

15 1218 109 1277 adii’ert
124 1220 140 1275 i
154 1217 278 1276 tristitia
291 1238 342 1276 scu
358 1217 460 1276 dolore
475 1217 644 1284 voluntatis.
658 1231 713 1277 etc.
730 1221 771 1276 ita
792 1230 828 1278 ut
850 1220 882 1276 in
902 1218 956 1277 ho*-

10 1298 89 1357 nnine
103 1300 229 1357 vivente
243 1297 354 1375 duplex
370 1297 409 1355 sit
418 1300 559 1375 operario,
573 1298 666 1375 partis
677 1319 784 1376 nempe
795 1298 956 1376 superioris

10 1386 61 1437 {astu
74 1378 244 1456 spiritualis
258 1392 309 1435 aut
322 1379 484 1446 rationalis,
505 1389 535 1436 et
548 1380 641 1454 partis
662 1380 811 1438 inferioris
826 1398 878 1438 seu
893 1380 954 1437 ani-

10 1458 106 1529 saulis,
129 1469 184 1518 aut
197 1458 277 1536 quod
292 1459 370 1516 idem
385 1470 438 1529 est,
460 1459 609 1535 appetitus
623 1460 764 1517 sensitivi.

10 1536 14 1587 f
46 1542 102 1599 An
117 1559 203 1599 arnor
218 1550 248 1596 et
268 1558 345 1617 spes,
360 1551 443 1598 actus
455 1539 597 1596 virtutum
614 1539 874 1617 Theologicarum,
890 1551 958 1598 sunt

14 1620 121 1678 ιιὶιιιιε
133 1620 309 1698 passiones?

50 1701 88 1758 R.
115 1703 194 1778 Neg.
204 1720 272 1758 nam
284 1709 354 1759 sunt
367 1712 451 1758 actus
465 1698 703 1777 supernaturales
717 1701 808 1760 eliciti
822 1701 839 1759 i
856 1701 959 1758 volun-

10 1788 70 1838 tate
83 1804 95 1852 3
117 1782 173 1839 ubi
187 1781 337 1859 passiones
359 1781 466 1838 amanis
480 1793 511 1839 et
522 1780 586 1858 spei
600 1779 759 1840 eliciuntur
772 1782 810 1840 ab
825 1781 958 1858 appetitu

10 1861 160 1919 sensitivo
176 1862 253 1920 circa
266 1862 383 1939 objecta
397 1861 556 1918 sensibilia.

51 1942 107 2000 An
121 1942 221 1999 anima
234 1945 248 1999 a
263 1960 387 2018 corpore
400 1953 535 2018 separata
548 1952 646 2018 potest
665 1941 771 2000 elicere
787 1941 960 2017 passiones?

54 2020 101 2080 ll.
126 2023 162 2079 R.
186 2025 261 2100 Neg.
284 2022 403 2080 defectu
428 2022 542 2079 scilicet
566 2041 743 2098 organorum
767 2020 908 2097 corporis,
931 2022 962 2078 in

10 2100 129 2179 quihus
155 2115 224 2160 sunt
244 2103 385 2180 potentiae
410 2103 557 2159 sensitivae
581 2114 721 2178 tanlquam
746 2102 776 2158 in
803 2101 960 2178 subjecto:

10 2181 98 2241 unde
110 2183 141 2242 in
154 2182 252 2240 anima
263 2195 403 2258 separata,
418 2184 551 2261 potentia
560 2184 710 2259 appetitis
721 2182 855 2240 sensitivi
865 2192 963 2239 manet

10 2262 133 2321 tantum
152 2264 315 2321 virtualiter
326 2275 466 2340 tanquam
482 2264 513 2319 in
528 2264 637 2321 radice.
671 2264 701 2321 S.
719 2263 825 2322 'l'ltom
845 2272 870 2320 1.
885 2275 962 2338 part.

14 2355 123 2421 quaest.
140 2351 188 2410 77.
211 2354 264 2400 art.
282 2351 309 2401 8.

61 2424 120 2482 lll.
140 2426 228 2492 Nota,
245 2423 322 2500 quud
338 2423 380 2479 illi
393 2434 475 2481 actus
486 2423 647 2482 voluntatis
659 2435 687 2481 et
698 2435 779 2482 actus
791 2423 900 2481 similes
911 2444 963 2501 ap-

15 2503 131 2581 petitis
146 2504 278 2561 sensitivi
293 2504 406 2580 possint
418 2505 447 2560 in
464 2505 582 2560 homine
604 2503 744 2581 conjungi
768 2514 798 2561 et
817 2506 962 2580 separari:

19 2582 92 2642 dem
104 2585 341 2662 conjunguntur,
357 2604 384 2640 v.
397 2605 425 2661 g.
442 2584 513 2640 dum
529 2603 594 2641 cum
610 2584 711 2641 laetitia
726 2584 771 2640 vel
786 2584 906 2641 tristitia
919 2605 965 2641 ra·

22 2665 122 2723 tionali
137 2665 298 2721 voluntatis
310 2665 396 2721 simul
407 2667 525 2740 exurgit
534 2663 634 2722 laetitia
647 2664 692 2721 vel
703 2663 822 2722 tristitia
832 2665 864 2720 in
875 2684 965 2742 appe·

28 2744 79 2803 itu
87 2745 239 2813 sensitivo,
248 2756 321 2802 tunc
332 2744 442 2801 dicitur
451 2746 481 2800 in
492 2746 609 2801 lmrnine
617 2765 678 2802 esse
687 2763 744 2821 pax
755 2758 963 2805 etconsensus:

31 2824 96 2883 dum
106 2828 179 2883 vern
192 2826 329 2882 voluutas
343 2824 423 2881 elicit
437 2836 536 2882 actum
551 2846 578 2883 v.
594 2843 623 2900 g.
647 2825 754 2882 amoris
770 2826 814 2881 vel
828 2826 966 2895 tristitiae,

32 2917 57 2963 tt
65 2905 94 2961 in
103 2905 240 2982 appetitu
251 2906 390 2962 sensitiva
400 2905 482 2962 nulla
491 2905 588 2982 passio
600 2905 702 2961 similis
713 2906 830 2975 amoris,
841 2906 888 2963 vel
899 2906 967 2964 tris·

10 3050 12 3056 y
32 2985 96 3042 ritis
102 2986 248 3061 sequitur,
260 2997 332 3043 tunc
344 2985 452 3043 dicitur
463 2987 494 3042 in
506 2986 625 3042 homine
634 3005 696 3042 esse
707 2986 836 3053 ariditas,
850 2985 968 3063 qualem

10 3074 18 3145 'p
36 3068 60 3128 8.
72 3065 216 3124 Theresia
225 3065 278 3121 ‹liu
292 3086 378 3141 passa
392 3079 445 3130 est.
457 3078 488 3123 et
502 3086 579 3143 saepc
593 3066 698 3123 animae
712 3066 769 3142 piae
783 3066 946 3142 patiuntur.

10 3173 16 3213 t
68 3146 118 3206 stc
131 3145 384 3223 acciderepotest,
398 3157 430 3204 ut
440 3148 596 3223 quisquam
609 3149 677 3203 veri
688 3146 786 3203 doleat
797 3159 826 3205 et
837 3159 968 3204 contera-

11 3220 20 3298 ἶ
38 3238 77 3283 tor
87 3227 127 3285 de
141 3226 269 3305 peccatis
284 3228 345 3284 suis
358 3247 412 3304 per
426 3240 526 3284 actum
542 3228 713 3295 voluntatis,
728 3238 869 3284 ettamen
885 3227 968 3284 dolo-

10 3297 88 3460 lm
97 3324 159 3364 non
170 3307 287 3374 sentiat,
298 3312 332 3365 ei
344 3309 423 3386 quod
431 3308 581 3385 appetitus
592 3308 750 3364 sensitivus
759 3327 818 3363 non
830 3321 971 3383 sequatur

40 3397 138 3445 mmm
150 3388 331 3447 voluntatis:
345 3401 375 3445 et
390 3392 404 3446 ὲ
419 3408 562 3446 converso
577 3387 641 3444 lieri
653 3399 759 3462 potest,
771 3387 850 3463 quod
865 3390 970 3446 sentia-

41 3476 78 3523 br
96 3466 183 3525 dolor
207 3467 256 3525 vel
277 3469 397 3526 tristitia
420 3469 451 3525 in
474 3467 609 3546 appetitu
625 3467 765 3525 sensitivo
783 3467 847 3524 sine
871 3467 972 3526 dolore

43 3547 198 3606 voluntatis.

73 3628 121 3686 Ν.
145 3628 229 3686 Hinc
243 3629 375 3699 observa,
391 3629 541 3706 quomodo
549 3640 719 3707 peccatores
731 3628 815 3705 saepe'
824 3626 973 3704 decipiant-¹

45 3718 89 3777 tat,
109 3719 250 3786 putantes
272 3728 303 3767 se
322 3710 433 3769 habere
448 3730 546 3767 veram
562 3709 767 3770 contritionem
784 3709 822 3767 de
834 3707 974 3786 peccatis,

10 3810 35 3866 pr
47 3787 201 3848 nouam
209 3809 269 3847 non
285 3790 413 3848 habeant
423 3791 479 3848 nisi
491 3791 624 3850 dolorem
638 3792 669 3849 in
679 3791 812 3871 appetitu
827 3789 974 3853 seruitiis,

10 3884 34 4034 s
78 3868 164 3925 l'racl.
181 3869 218 3924 de
229 3870 291 3927 Act.
309 3869 438 3928 Hmnun.
492 3891 512 3930 u
1052 3862 1060 3882 ¹
