2160 4072
100 105 165 167 402
414 160 420 173 ,
476 119 677 165 ueteranus

141 271 176 328 R.
192 267 279 326 Tunc
299 264 465 347 prudenter
484 265 672 327 considerare
690 274 822 343 oportet,
842 268 1035 335 utrumexeia
1064 284 1074 324 a

98 347 261 428 praevaleat
273 369 284 419 ;
307 357 339 406 et
352 346 475 425 quidem
487 346 635 406 ordinarie
647 346 745 422 magis
758 356 863 405 murm
876 356 933 418 est,
947 368 978 407 se
993 368 1036 407 en
1065 364 1074 403 a

98 448 210 508 ponere
223 428 358 504 periculo
377 426 639 505 mocafivenialis,
665 426 787 487 motai
813 428 1036 507 propinquioris,
1065 446 1074 484 a

100 508 193 589 quim
205 509 341 587 periculo
355 507 471 586 peccati
483 506 617 567 mortuiis
628 507 808 567 remotioris.
955 522 960 531 ·
1065 508 1074 562 i

221 672 259 729 N.
276 678 344 731 184.
379 670 438 731 DE
461 666 753 729 CONSCIENTIA
775 667 934 731 DUBIA.

102 832 126 891 1.
147 829 275 889 Dubiam
285 830 435 909 pontivum
446 838 474 889 et
484 832 650 908 negotiatur.
673 830 717 890 ΙΙ.
736 827 823 889 latis
836 839 866 889 et
884 831 968 908 facti.
990 832 1039 892 ut

139 910 359 989 Speculutiaam,
378 909 728 989 speculativo-praetium,
755 918 784 969 et
798 911 1040 989 praeoptat

140 1012 212 1049 cum.
255 990 309 1048 Jv.
338 990 405 1048 Non
424 989 488 1049 lieet
510 1008 669 1067 agerecam
693 988 865 1047 maximia
879 990 977 1051 dubia.
1009 994 1040 1053 V.

138 1070 279 1147 Negotia&
292 1067 407 1127 dubium
412 1075 501 1149 potest
513 1067 833 1147 quaodoqueooatemni.

140 1232 165 1289 1.
177 1230 353 1292 DUBIUM
364 1240 409 1290 est
426 1227 573 1287 haesitafio
583 1227 692 1289 mentis
702 1227 783 1287 eirca
805 1238 968 1310 utramque
980 1250 1038 1291 con·

98 1311 284 1371 tradictionis
293 1321 419 1390 partem·
687 1368 690 1373 .
807 1331 812 1339 '

140 1392 296 1473 Dividitur
309 1392 349 1453 1⁰.
361 1391 392 1450 in
401 1390 528 1449 dubium
541 1389 740 1470 “positivum,
749 1400 782 1450 et
793 1391 998 1469 negativum,''
1006 1390 1036 1451 de
1067 1415 1074 1437 ι

99 1471 289 1551 quibusvide
303 1474 394 1531 Num.
418 1470 484 1539 176.
1066 1494 1074 1532 a

140 1552 183 1612 11.
197 1552 240 1612 2⁰.
255 1554 292 1611 In
305 1552 433 1612 dubium
457 1557 479 1586 “
488 1552 591 1632 juria”
604 1561 635 1611 et
648 1552 776 1611 dubium
797 1559 819 1587 “
827 1552 904 1611 faeti
915 1548 950 1611 2³¹
971 1552 1034 1631 Jnris
1061 1562 1074 1613 Ji

99 1644 152 1703 eat,
167 1633 289 1711 quando
302 1632 370 1710 quis
383 1632 503 1692 dubitat
516 1632 555 1692 de
564 1632 641 1711 lege,
650 1642 819 1712 praecepto,
840 1643 916 1691 voto
927 1643 979 1692 aut
989 1632 1034 1691 alio

100 1732 291 1791 quocumque
304 1712 517 1789 obligationem
526 1710 705 1784 inducente3
719 1712 792 1773 faeti
803 1713 890 1783 vero,
901 1712 975 1771 dum
982 1713 1034 1791 quia

99 1805 197 1853 certus
211 1793 333 1873 quidem
346 1791 474 1873 deiege,
499 1803 580 1867 voto,
607 1804 662 1853 ata
677 1792 798 1853 dubitat
820 1810 863 1851 an
876 1812 943 1853 eam
956 1793 1032 1853 adim·

99 1874 237 1952 pleverit·
366 1890 371 1897 '
516 1910 520 1917 ·
950 1892 955 1900 '
1056 1872 1062 1901 ³

141 1957 201 2015 111.
217 1955 258 2016 3⁰.
281 1955 435 2015 Dividitur
453 1954 487 2015 in
512 1954 639 2017 dubium
665 1962 687 2001 ·“
696 1954 946 2034 speculativum,'’
967 1952 1032 2032 quod

98 2048 234 2095 versatur
249 2038 327 2097 cirea
337 2037 463 2114 aiicujus
473 2037 517 2096 rei
529 2048 675 2107 naturam,
687 2037 829 2106 valorem,
841 2035 1032 2113 quantitatem,

99 2117 286 2187 conditionis,
301 2127 356 2175 etc.
372 2138 400 2173 v.
414 2139 443 2194 g.
460 2118 533 2176 dum
548 2118 615 2195 quis
628 2117 756 2185 dubitat,
781 2136 819 2174 an
834 2113 1032 2194 baptismusin

98 2219 175 2275 aqua
198 2217 316 2256 rosacea
330 2198 455 2257 collatus
469 2196 508 2256 sit
522 2197 655 2256 validus:
682 2205 702 2232 “
715 2196 748 2254 in
761 2196 1033 2273 speculativo-prat·
1069 2216 1074 2249 ⁴.

98 2286 120 2311 “
130 2279 253 2349 ticum,'’
268 2299 331 2354 quo
342 2279 410 2357 quis
434 2277 562 2349 dubitat,
586 2298 625 2336 an
633 2277 734 2356 aliqua
748 2276 827 2335 actio
841 2276 874 2335 in
888 2295 994 2355 genere
1005 2272 1033 2331 sit
1067 2294 1074 2329 ·.

98 2359 179 2418 licita
189 2360 237 2417 vel
249 2358 364 2428 illicita,
375 2379 406 2416 v.
418 2380 448 2436 g.
459 2378 498 2416 an
511 2358 598 2418 liceat
610 2359 763 2435 baptizare
776 2356 810 2415 in
822 2377 904 2434 aqua
916 2373 1034 2415 rosaoea:

98 2452 128 2498 et
141 2440 172 2498 in
198 2439 321 2498 dubium
349 2439 718 2516 “practico-practicum‚'’
746 2458 807 2515 quo
821 2437 987 2507 dubitatur,
1005 2452 1033 2492 aa
1064 2436 1074 2491 !.

97 2521 175 2580 actio
185 2519 287 2598 aliqua
296 2521 327 2578 in
335 2519 492 2578 individuo
500 2519 549 2578 hic
563 2530 593 2578 et
602 2538 681 2577 nunc
691 2538 760 2577 cum
769 2517 912 2576 omnibus
923 2518 1035 2576 circum·
1065 2502 1070 2609 ἰ

98 2600 213 2659 stantiis
227 2602 410 2660 considerata
425 2600 496 2678 poni
509 2600 604 2677 possit
614 2598 663 2658 vel
675 2618 736 2657 non
744 2598 839 2675 possit
850 2620 859 2656 a
871 2620 900 2657 v.
909 2620 939 2676 g.
954 2598 978 2655 si
990 2595 1034 2653 du·
1067 2616 1070 2639 ¹

97 2681 188 2751 bites,·
197 2702 235 2738 an
249 2681 337 2740 liceat
349 2680 406 2740 tibi
419 2680 469 2740 hic
483 2691 514 2737 et
532 2699 613 2738 nunc
626 2678 778 2757 baptia'are
791 2681 824 2735 in
838 2698 919 2758 aqua
931 2694 1035 2735 rosacea

96 2760 242 2818 infantem
256 2763 345 2825 morti
364 2762 544 2839 proximum.

139 2841 276 2900 Observa
290 2862 358 2901 cum
372 2842 501 2900 Billuart
520 2841 552 2899 in
576 2840 639 2900 solo
653 2839 747 2899 dubio
766 2836 1035 2919 practice-practico

98 2922 257 2980 consistere
267 2923 386 3001 proprii·
399 2922 608 2981 conscientiam
622 2921 753 2979 dubiam.

137 3004 188 3060 An
202 3002 272 3061 licet
296 3023 385 3080 agere
399 3023 468 3063 eum
482 3002 662 3062 conscientia
674 3001 767 3060 dubia
779 3000 819 3060 de
841 3000 979 3059 bonitate
995 3004 1036 3057 aut

96 3082 210 3142 malitia
223 3083 340 3143 formali
354 3082 500 3144 aetionis?

138 3164 152 3221 Ι
155 3164 192 3221 V.
210 3164 245 3224 R.
262 3168 339 3242 Neg.
351 3165 421 3243 quia
433 3164 574 3223 dubitans
586 3182 648 3222 non
661 3172 706 3223 eat
728 3161 883 3221 moraliter
897 3172 996 3222 certus
1008 3157 1037 3215 de

94 3242 250 3303 honestate
265 3244 382 3304 formali
406 3265 467 3303 suae
487 3245 621 3315 actionis,
646 3242 728 3322 quod
755 3252 856 3301 tamen
884 3240 1038 3319 requiritur

92 3323 181 3399 juxta
195 3325 275 3383 dieta
291 3328 382 3384 Num.
396 3333 461 3384 181.
474 3325 526 3384 sed
540 3344 649 3403 anceps
663 3324 775 3394 haeret;
804 3323 901 3394 acite,
917 3323 943 3380 si
954 3328 1038 3379 stante

95 3402 189 3461 dubio
203 3416 353 3482 operetur,
375 3416 478 3482 peccat
491 3405 530 3464 ad
543 3405 638 3463 minias
652 3413 774 3482 peccato
787 3403 926 3482 ejusdem
941 3396 1039 3479 speciei

95 3502 129 3540 ac
139 3486 304 3563 gravitatis,
316 3506 351 3544 ac
365 3498 410 3545 eat
423 3486 499 3545 illud
513 3486 621 3560 dequo
633 3484 788 3543 dubitatur
798 3506 809 3556 ,·
831 3484 945 3559 quiase
958 3498 1039 3557 expo·

94 3563 139 3627 nit
162 3566 296 3641 periculo
316 3566 420 3624 morali
441 3577 597 3644 peccatum
623 3563 700 3623 illud
723 3562 942 3633 committendi,
963 3559 1041 3639 eujus

90 3645 306 3706 conscientiam
321 3644 448 3707 dubiam
456 3648 562 3706 habet,
600 3646 680 3703 vtae
691 3645 785 3700 Num„
807 3649 874 3707 178.

60 3754 68 3791 ι
91 3786 97 3795 ,
124 3724 216 3803 ,Quid
230 3752 308 3812 ergo
319 3730 414 3791 faciet
421 3728 488 3800 iiie,
501 3725 559 3806 our
565 3726 664 3783 nabet
673 3718 889 3779 oonae'xem'aam
898 3721 1034 3805 existant

123 3810 158 3873 V.
181 3814 220 3875 R.
242 3814 314 3893 Qui
337 3814 442 3877 habet
470 3803 693 3872 consonatum
709 3795 855 3875 negatus
878 3793 1020 3867 numa
1036 3806 1074 3843 W
