2160 4072
415 104 563 151 ort-ouo.
604 150 607 155 ,
941 84 984 149 21

39 249 198 331 Scriptura
213 251 244 311 S.
259 251 301 311 sic
314 251 426 311 Jerem.
440 268 505 329 esp.
519 256 560 310 23
584 269 612 309 v.
626 255 676 308 24.
719 256 739 283 “
754 247 871 308 Coelum
883 256 915 309 et
927 258 987 309 ter·

38 340 58 366 “
70 352 141 392 rum
154 353 217 412 ego
229 330 350 410 impleo,
363 330 438 391 dicit
450 329 632 391 Dominus.”
672 331 714 391 Et
728 326 858 401 Boruch,
878 348 942 409 ceps
959 338 987 390 3.

38 433 66 470 ν.
80 421 133 473 25.
148 419 170 449 ‘⁶
186 415 274 473 Deus
287 410 422 471 excelsus
436 422 466 471 et
478 409 668 471 immensus.''

77 492 122 553 ΙΙ.
144 492 261 555 Differt
277 491 460 552 immensitas
473 493 512 551 ob
526 491 703 569 ubiquitate,
727 511 794 570 quae
807 500 853 551 est
863 490 987 551 sctudis

40 571 98 631 Dei
110 574 275 652 proesentia
293 573 326 631 in
339 572 478 631 omnibus
491 570 574 642 loeis,
596 572 628 631 in
642 595 688 645 eo,
709 572 790 651 quod
803 571 987 631 immensitas

41 652 77 711 sit
94 655 187 713 radix
211 652 388 731 ubiquitatis
408 662 439 711 et
459 654 637 713 attributum
661 663 834 731 competens
856 653 923 711 Deo
947 652 986 710 ob

41 745 162 804 eterno,
178 735 234 801 ubi
245 733 396 812 ubiquitas
406 732 434 793 ei
444 733 561 793 tautum
572 736 718 816 competit
727 754 763 792 ex
777 744 913 811 tempore
927 752 988 809 quo

43 815 191 873 mundum
207 814 327 873 creavit.
972 872 975 879 ,

80 894 196 954 Differt
215 895 305 953 etiam
328 896 366 954 ob
389 894 545 966 infinitate,
582 897 663 973 quod
686 893 871 956 immensitas
892 903 986 970 neget

45 977 204 1033 terminum
227 974 377 1034 diffusioni
390 974 500 1035 divinae
523 978 667 1048 essentie,
681 976 813 1035 infinitas
827 976 897 1033 veri
920 975 986 1053 ejus

46 1056 230 1131 perfectioni.
599 1076 602 1081 ·

81 1136 154 1216 obj.
177 1136 210 1195 Si
226 1139 310 1197 Deus
324 1136 363 1196 sit
376 1136 500 1215 ubique,
520 1137 610 1197 etism
623 1149 669 1199 est
688 1137 722 1196 in
741 1135 814 1197 loeis
836 1133 964 1195 sordidis
973 1159 984 1208 ς

40 1216 199 1293 ,utquihoo
212 1228 257 1277 est
270 1216 493 1286 inconveniens,
514 1238 596 1296 ergo,
619 1230 675 1278 etc.

84 1298 118 1355 R.
133 1296 212 1357 cum
224 1297 308 1359 Deus
318 1296 357 1357 sit
367 1297 507 1375 Spiritus,
531 1316 592 1357 non
606 1309 704 1376 potest
716 1296 734 1357 d
745 1297 879 1356 locorum
890 1296 985 1355 sordi·

10 1394 14 1439 ι
46 1376 100 1435 bus
111 1376 274 1455 inquinari,
289 1376 358 1436 crim
368 1397 416 1435 res
430 1376 489 1437 illae
498 1378 532 1435 in
543 1378 644 1438 Deum
655 1398 745 1456 ogere
758 1387 908 1455 nequeant
918 1401 928 1450 ;
943 1377 986 1436 sic

10 1442 14 1523 i
49 1456 984 1536 neuradiisolarestsordibusinquascadunteoinquinantur.

10 1538 12 1549 '
84 1538 136 1595 An
151 1539 238 1597 Deus
252 1549 297 1598 est
310 1538 342 1595 in
355 1538 441 1598 loco?

10 1692 12 1697 Ι
83 1616 144 1676 111.
162 1617 196 1675 R.
212 1618 298 1677 Deus
310 1636 371 1677 non
385 1629 431 1678 est
443 1618 476 1677 in
487 1618 555 1678 loco
568 1627 588 1654 “
598 1618 881 1697 circumscriptivi‚''
899 1617 981 1696 quod

10 1736 15 1775 f
47 1706 114 1755 tunc
124 1708 181 1768 est,
202 1699 323 1775 quando
337 1709 435 1759 totum
447 1699 504 1759 toti
528 1700 596 1759 loco
608 1713 639 1761 et
661 1701 754 1778 partis
778 1700 915 1777 portibus
928 1698 986 1758 loci

47 1778 277 1856 correspondent
284 1803 294 1851 ;
317 1779 359 1840 sic
369 1779 450 1838 enim
467 1779 530 1839 sold
543 1800 667 1860 corpora
681 1792 751 1839 sunt
765 1781 796 1838 in
810 1780 884 1839 loco.
898 1842 901 1847 ,

82 1857 368 1934 IV..NequeDeus
389 1860 484 1919 estin
507 1860 573 1920 loco
597 1861 806 1929 “definitivi,''
831 1859 915 1936 quod
938 1860 982 1929 tit,

46 1934 163 2014 quando
176 1958 224 1997 res
234 1950 280 1998 est
292 1951 356 2000 totu
368 1940 400 1997 in
414 1949 478 1999 toto
490 1941 566 2011 loco,
592 1952 623 2001 et
635 1954 698 2003 tots
711 1943 742 1999 iu
752 1941 878 2017 singulis
891 1941 983 2017 porti·

45 2017 99 2077 bus
109 2018 180 2090 loci,
201 2019 245 2078 sic
257 2031 367 2093 tamen,
388 2031 423 2080 ut
435 2020 503 2081 loco
514 2021 727 2082 concludatur:
756 2021 841 2079 etita
855 2020 984 2098 Spiritus

50 2109 165 2158 creatus
178 2111 225 2159 est
236 2099 270 2158 iu
283 2100 358 2159 loco.

81 2178 118 2238 V.
145 2179 209 2239 Sed
232 2181 318 2241 Deus
337 2191 383 2242 est
405 2180 472 2241 loco
498 2183 703 2261 “repletus'‘
723 2182 787 2241 sive
801 2192 845 2241 est
858 2191 939 2241 totus
952 2180 1003 2261 in·

47 2268 104 2317 toto
116 2259 195 2329 loco,
217 2272 246 2318 et
259 2270 342 2320 totus
354 2261 387 2319 in
401 2261 527 2339 singulis
543 2265 679 2340 partibus
692 2263 760 2335 loci,
782 2264 824 2323 sie
837 2273 936 2320 tamen
950 2272 985 2320 ut

48 2356 77 2396 eo
88 2359 149 2398 non
164 2339 324 2401 definiatur
338 2360 390 2401 seu
404 2342 610 2405 concludatur.

81 2420 142 2480 Hic
157 2420 264 2481 modus
278 2422 425 2481 existendi
438 2422 553 2494 inioco,
579 2426 645 2483 Deo
658 2425 799 2503 proprius
812 2434 865 2482 est.
898 2421 981 2481 Hinc

49 2508 72 2557 8.
86 2502 162 2579 Reg.
186 2520 251 2580 cap.
268 2508 296 2562 8.
321 2522 349 2562 v.
364 2511 413 2570 27.
439 2509 461 2537 “
471 2502 547 2563 Coeli
568 2503 720 2565 Coelorum
743 2514 773 2563 te
798 2523 902 2581 capere
924 2522 985 2560 non

51 2587 68 2612 “
114 2584 230 2640 ssunt.''
553 2607 555 2611 ·

75 2602 153 2741 p(ibj.
177 2661 263 2721 Deus
276 2680 336 2722 non
350 2673 395 2724 est
408 2671 491 2722 extra
504 2664 670 2723 mundumr
687 2684 759 2741 ergo
773 2674 818 2724 est
831 2663 984 2722 definitive

49 2741 75 2798 in
86 2741 202 2801 mundo
216 2752 251 2801 ut
264 2743 383 2804 indoco.

82 2823 116 2881 R.
132 2824 224 2899 Nego
233 2843 354 2901 conseq.
367 2823 438 2901 quio
448 2823 533 2885 Deus
543 2845 605 2884 non
615 2825 784 2885 continetur
793 2825 917 2895 mundo,
931 2827 984 2884 scd

47 2900 104 2980 ipse
114 2902 219 2983 potiris
234 2904 365 2962 continet
378 2903 536 2975 mundum,
554 2906 642 2984 juxta
655 2905 732 2964 illud
747 2906 906 2984 sapientise
919 2926 983 2983 cup.
1007 2932 1012 2941 ¹

50 2988 71 3040 l.
89 3002 119 3042 v.
134 2992 164 3051 7.
185 2983 359 3043 “Continet
372 2984 471 3044 omnia
481 2986 512 3045 :''
526 3005 588 3043 non
601 2997 646 3045 est
658 3006 731 3064 ergo
742 2999 825 3045 extra
840 2985 982 3053 mundum

10 3082 14 3091 ·
48 3065 126 3137 quui
150 3062 272 3141 replens
297 3065 427 3142 spatium
453 3063 586 3142 aliquod,
619 3065 688 3124 crim
711 3067 830 3126 nullum
854 3066 984 3145 spatium

49 3154 124 3203 una
132 3144 283 3207 mundum
298 3144 420 3204 existat:
435 3144 488 3205 sed
502 3145 562 3205 dici
575 3158 682 3224 potest,
702 3148 785 3225 quod
797 3158 882 3207 extro
894 3166 983 3204 ruun-

51 3221 115 3282 dum
128 3224 170 3285 sit
182 3226 217 3283 in
231 3225 338 3304 seipso,
359 3225 447 3285 sicuti
454 3225 523 3296 fuit,
537 3227 697 3305 antequim
711 3226 841 3287 mundus
854 3236 940 3296 esset,
952 3227 984 3284 in

10 3354 13 3377 ς
51 3314 111 3364 sect
120 3304 205 3384 apud
218 3324 249 3363 se
264 3304 410 3375 habitans,
421 3314 456 3364 ut
469 3305 602 3384 loquitur
612 3309 642 3366 S.
654 3309 735 3386 Aug.
748 3307 780 3365 in
796 3307 902 3366 Psalm.
915 3312 981 3365 122.

80 3385 130 3443 An
144 3386 234 3445 Deus
247 3385 337 3443 estin
350 3385 454 3464 spatiis
465 3386 647 3465 irnaginsriis
661 3398 746 3447 extro
758 3387 928 3446 mundum?

10 3513 15 3523 .
82 3464 116 3527 R.
134 3464 215 3525 cnm
228 3465 325 3543 sputis
338 3466 389 3525 ilia
401 3476 486 3524 extra
499 3467 645 3526 mundum
658 3468 757 3546 reipsri
769 3462 829 3524 non
843 3465 982 3537 existunt,

10 3540 30 3629 ζ’,
53 3543 222 3605 sinotum
232 3564 288 3623 per
297 3545 538 3625 imaginationem
550 3547 710 3625 fingantur,
726 3549 876 3607 Deusnon
884 3559 983 3625 potest

10 3622 23 3711 ζ
53 3620 120 3687 inii·
130 3645 199 3687 esse
211 3624 358 3703 potitium
374 3626 435 3691 dici
448 3636 547 3685 tumen
557 3638 656 3707 potest
666 3628 698 3687 in
711 3627 747 3687 iis
758 3647 822 3688 esse
831 3627 982 3705 negativi,

55 3700 150 3779 rint,
204 3706 269 3769 uod
290 3706 403 3771 oxistst¹
418 3707 517 3769 Deus.
531 3719 617 3769 estre
642 3706 808 3769 mundum·
820 3708 1002 3788 iti-seipso,

10 3832 22 3923 p
54 3780 154 3863 ›taque-
204 3784 383 3851 asd-ioorrm
399 3786 598 3868 vei-spatium
611 3790 819 3857 habitudine.
