2160 4072
382 134 428 177 nn
451 130 691 177 conscrnnrra.
941 108 1005 172 413

62 284 86 325 Ι*
99 278 236 359 legitima
249 279 351 341 ratio.''
392 264 507 338 Eodeiri
521 260 581 336 seri
596 276 685 336 modo
695 274 860 369 loquuntur
874 275 1006 359 Antoine

65 366 88 395 “
100 361 140 420 de
154 361 340 420 Conscientia
348 362 365 385 ''
391 381 454 439 cap.
470 373 498 418 4.
512 380 539 437 q.
555 362 583 418 d.
601 369 631 416 et
649 360 782 431 Cenoma
802 356 1007 416 dissertatione

65 436 151 501 “r-o.
164 441 205 500 ae
220 426 493 515 praesinenam
506 442 534 500 r.

66 604 225 675 *II-189(
260 603 318 661 DE
335 598 587 662 'SENTENTIA
610 588 984 660 PROBABILISSIMA.

214 721 246 781 I..
261 721 493 781 Probabilisaima
506 729 548 779 est
561 729 621 778 tuta
636 720 739 799 agendi
753 719 860 797 regala.

53 830 56 837 ¹
84 836 167 901 ΙΙἈΝ
181 841 297 901 licitum
311 850 356 900 est
370 842 454 919 sequi
468 841 498 898 in
513 838 599 919 praxi
609 838 788 899 'sententiam
806 832 1009 918 probabilissi-

53 932 143 981 nam
159 922 254 981 m'inbs
267 926 385 981 tutam?
471 934 477 945 ’

53 992 77 1045 ²¹
105 1004 131 1061 1.
146 1004 181 1061 R.
194 1003 376 1061 Affirmative
383 1025 392 1073 3
407 1004 489 1079 patet
500 1020 536 1060 ex
546 1001 790 1060 condemnatione
799 1000 891 1078 hujus
899 1017 1009 1078 propo-

53 1080 179 1157 fftitionis
194 1084 288 1140 tertiae
302 1084 380 1140 inter
394 1083 546 1141 damnatas
560 1084 597 1141 ab
611 1082 783 1141 Alexandro
796 1080 886 1138 VIII.
909 1081 1010 1137 “Non

53 1163 164 1222 '“licet
173 1164 257 1240 sequi
269 1163 437 1240 opinionem
450 1162 526 1220 inter
534 1162 704 1241 probabiles
712 1160 1009 1241 probabilissimam.”

101 1243 272 1302 Evidenter
286 1244 317 1300 in
329 1243 385 1301 hac
398 1242 601 1322 propositione
611 1240 710 1321 agitur
722 1244 760 1300 de
774 1239 1010 1320 probabilissima

59 1324 160 1382 utilius
174 1334 258 1395 tuta3
283 1323 428 1401 siquidem
442 1324 543 1381 nullus
557 1342 689 1402 unquam
703 1322 735 1380 in
749 1321 875 1381 dubium
889 1325 1010 1379 revoca·

58 1404 115 1474 rit,
133 1404 216 1480 'quin
229 1404 316 1462 liceat
331 1404 413 1482 sequi
427 1398 693 1481 probabilissimam
708 1404 805 1481 magis
818 1412 922 1459 tutam.

99 1483 197 1544 Ratio
209 1492 308 1542 autem
319 1503 411 1561 quare
422 1484 503 1542 illam
515 1485 598 1563 sequi
608 1481 705 1554 liceat,
720 1496 765 1543 est
777 1482 857 1562 qubd
870 1479 1009 1558 probabi-

53 1558 177 1624 lissima
190 1565 329 1623 omnibus
342 1565 461 1623 attentis
475 1564 590 1623 adferat
603 1565 744 1623 m'oralem
759 1562 975 1623 certitudinem.

57 1678 66 1685 -
98 1640 179 1721 Obj.
207 1646 231 1702 l.
253 1646 346 1704 Juxta
359 1664 516 1703 numerum
532 1646 750 1724 praecedentem
765 1664 826 1703 non
840 1641 1008 1721 licet's'equi

53 1725 297 1805 probabiliorem
318 1725 412 1783 minias
433 1734 539 1797 tutam,
562 1722 634 1803 quia
655 1727 747 1785 haeret
771 1725 849 1784 intra
869 1723 1010 1782 terminos

53 1805 284 1884 probabilitatis
294 1829 304 1875 3
333 1806 415 1882 atqui
440 1806 678 1883 probabilissima
700 1806 788 1865 etiam
815 1804 910 1863 haeret
933 1804 1010 1861 intra

53 1885 208 1945 terminos
223 1885 460 1962 probabilitatis:
483 1906 564 1963 ergo,
586 1899 642 1945 etc.
934 1954 937 1959 Ι

101 1967 143 2026 R.
161 1966 238 2023 Dist.
250 1965 323 2022 min.
339 1967 420 2042 atqui
435 1965 671 2045 probabilissima
681 1966 773 2024 haeret
781 1966 858 2023 intra
869 1963 1010 2022 terr'nino's

53 2044 293 2127 probabilitatis,
317 2044 388 2102 dnm
412 2046 591 2123 speculative
607 2058 637 2104 et
650 2047 821 2105 abstractim
843 2049 859 2103 ὲ
883 2044 1010 2102 circnm-

58 2124 183 2187 stantiis
196 2125 410 2194 consideratur,
425 2126 555 2184 concedo
568 2126 729 2186 minorem:
757 2127 828 2184 dum
843 2125 1011 2184 considera-

60 2221 114 2266 tur
126 2205 255 2283 praetice
267 2218 296 2264 et
306 2206 337 2261 in
348 2205 584 2277 circumstantiis
599 2227 677 2285 nego
690 2209 843 2266 minorem.
877 2206 1012 2265 Circum-

62 2285 184 2346 stantioe
198 2285 256 2343 illae
272 2296 349 2355 sunt,
375 2288 454 2363 quod
473 2286 505 2344 in
520 2300 597 2347 statu
611 2299 725 2346 naturae
738 2287 828 2367 lapsae
843 2306 904 2345 non
917 2287 1011 2364 possi·

64 2386 136 2424 mus
149 2365 296 2423 ordinarie
311 2366 343 2423 in
357 2367 484 2443 negotiis
505 2368 685 2445 quotidianis
699 2368 841 2446 majorem
857 2366 1010 2425 certitudi-

63 2466 137 2504 nem
149 2445 269 2515 habere,
282 2447 358 2523 quod
370 2466 428 2504 non
440 2450 587 2524 possimus
595 2450 694 2506 omnia
702 2460 814 2506 remota
822 2457 1012 2524 peccatorum

65 2524 203 2661 pericula
217 2527 345 2601 evitare,-
361 2528 448 2604 qubrl,
464 2528 487 2584 si
503 2531 517 2585 a
531 2528 774 2605 probabilissimis
787 2528 935 2588 abstinere
950 2524 1011 2583 vel·

77 2618 176 2675 emus,
189 2624 309 2664 necesse
322 2619 399 2665 esset
413 2608 545 2666 incidere
559 2608 591 2666 in
602 2610 684 2668 varia
697 2608 894 2677 incommoda,
910 2606 1012 2666 anriie-

66 2696 146 2744 tates
160 2694 191 2743 et
202 2687 428 2763 perplexitates:
445 2688 583 2766 denique,
598 2691 678 2768 qubd
689 2690 726 2747 ab
738 2689 817 2746 omni
828 2689 888 2748 fere
900 2688 1012 2746 exerci-

67 2766 112 2824 tio
124 2767 282 2843 temporali
293 2786 407 2825 cessare
420 2768 606 2840 deberemus,
621 2779 655 2828 ut
669 2770 903 2848 &negotiatione
918 2768 1013 2833 censi-

68 2847 138 2915 bus,
152 2848 383 2924 praescriptione,
399 2854 455 2906 etcss
471 2848 548 2906 'item
563 2851 642 2929 quin]
657 2850 754 2909 statim
768 2854 783 2910 ὲ
796 2861 919 2929 peccato
933 2869 1013 2909 com-

69 2926 162 2985 misso
185 2935 354 2985 teneremur
380 2930 534 3002 confiteri,
558 2950 625 2989 nam
639 2930 702 2989 haec
717 2933 814 2989 omnia
827 2941 962 3011 spectant
976 2929 1013 2986 ad

68 3007 230 3065 sententias
243 3008 501 3084 probabilissimas.
543 3010 640 3089 Igitur
651 3012 802 3088 sequendo
810 3010 1014 3090 probabilissi-

69 3098 134 3145 mss
159 3085 218 3143 dici
240 3094 346 3163 potest,
368 3090 506 3149 omnibus
530 3092 606 3150 bene
628 3092 829 3163 consideratis,
854 3112 907 3150 nos
930 3091 1013 3169 sequi

68 3166 168 3245 magis
180 3176 289 3237 tutum,
299 3180 302 3185 '
311 3178 342 3226 et
356 3170 396 3227 ita
409 3168 574 3247 prudenter
587 3192 685 3251 agere.

116 3248 216 3323 Potest
230 3248 351 3323 quidem
366 3248 491 3320 admitti,
518 3252 598 3328 quod
615 3253 657 3311 sic
677 3252 764 3311 etiam
779 3262 898 3311 utamur
911 3250 1013 3329 aliquo

71 3326 221 3405 prlncipio
231 3327 350 3398 reflexo,
365 3329 511 3411 quatenns
523 3332 634 3391 scilicet
649 3330 826 3411 judicamus,
838 3332 1014 3389 sententiam

69 3406 339 3485 probabilissimam
356 3410 455 3487 quoad
475 3410 658 3471 honestatem
679 3412 866 3491 objectivam,
882 3431 955 3481 esse,
969 3420 1014 3469 at-

70 3487 164 3546 tentis
178 3487 414 3559 circumstantiis,
430 3490 579 3550 moraliter
600 3502 630 3550 et
643 3493 772 3571 practice
788 3502 899 3551 certam
917 3490 1016 3570 quoad

70 3567 257 3626 honestatem
270 3570 442 3629 formalem}
464 3571 515 3629 sed
530 3570 589 3632 boc
601 3572 782 3651 principium
795 3572 939 3632 reflexum
952 3591 1016 3633 cer-

70 3660 138 3706 tum
150 3657 205 3715 est,
219 3665 280 3705 non
293 3649 379 3719 illud,
394 3670 453 3728 quo
468 3661 593 3710 utuntur
609 3653 819 3712 Probabilistae.

113 3726 182 3801 obj.
196 3728 238 3783 ΙΙ,
255 3730 399 3807 Suppone'
409 3733 589 3793 sententiam
596 3730 1039 3815 probabilissimamessecon-

56 3815 104 3861 tra
110 3804 312 3880 jusnatnrte:
327 3810 381 3871 tali
396 3832 470 3875 casu
482 3816 538 3896 qui
549 3836 621 3879 eam
632 3805 792 3903 sequitui,
803 3807 1065 3899 pessimat-,usim

496 3908 515 3962 2
533 3921 557 3963 n
577 3911 596 3966 3
