2160 4072
75 94 141 158 148
442 98 645 157 ueneramus

107 261 142 320 R.
157 258 240 318 Finis
253 256 381 317 hominis
394 258 568 337 simpliciter
577 258 702 318 ultimus
727 278 827 323 verne,
841 258 940 338 dejure
998 264 1002 320 ·:

67 340 147 400 solus
163 340 246 398 Deus
258 363 266 410 ;
279 339 345 398 finis
356 338 479 398 ultimus
493 340 531 398 de
545 339 737 418 factopotest
750 358 816 398 eme
826 350 963 415 creatura..

104 423 157 499 ,An
173 428 251 478 unus
265 429 295 478 et
307 420 388 478 idem
409 430 454 478 est
467 421 601 479 omnium
614 419 770 479 hominum
785 418 854 480 linis
864 420 963 479 ultimus
995 446 1002 502 1

110 502 144 571 Β.
160 501 191 560 Si
206 499 272 559 linis
294 499 417 559 ultimus
441 500 644 559 consideretur
658 499 824 560 formaliter
846 514 875 559 et
896 500 924 559 in

70 591 179 642 structo
192 600 248 657 pro
261 580 327 658 ipsd
341 580 527 640 beatitudine
534 581 565 638 in
580 579 740 650 communi,
752 578 929 640 sicidem'ect

69 664 151 721 nium
166 660 317 719 hominum
333 660 398 719 finis
412 660 533 719 ultimus
547 683 555 721 ε
583 680 685 720 omnes
698 660 779 719 enim
793 660 926 721 uolumus
994 676 1000 683 ·

70 742 178 814 Beati3
200 741 224 799 si
240 745 309 799 verb
332 741 536 801 consideretur
559 741 751 800 materialiter
769 760 881 819 prore,
906 741 957 819 inq

70 823 137 900 quis
150 821 364 881 beatitudinem
379 842 461 880 suam
472 821 606 890 collocat,
612 821 654 880 sic
664 842 724 880 non
734 832 779 880 est
789 821 870 880 idem
878 820 948 880 omn'

69 902 223 962 hominum
238 901 305 960 linis
317 901 441 960 ultimus
452 925 462 973 3
490 901 609 980 quidam
625 902 704 960 enim
717 902 750 959 in
775 900 896 973 diuitiis,
915 898 970 960 alii·

71 982 283 1060 voluptatibus,
308 981 357 1040 alii
372 981 482 1041 inullis
497 980 711 1041 beatitudinem
725 980 945 1041 constituerunt
968 996 973 1049 ·,
995 1004 1002 1054 ς

114 1066 163 1124 An
178 1062 326 1140 quidquid
339 1062 428 1120 homo
442 1062 517 1135 vult,
533 1062 598 1120 vult
611 1074 733 1140 propter
748 1063 839 1121 linem
853 1062 981 1121 ultimum.

114 1144 148 1202 R.
161 1140 276 1202 cum'S.
291 1143 397 1201 Thom.
412 1153 466 1203 art.
490 1142 517 1202 6.
536 1162 656 1201 necesse
668 1154 722 1214 est,
741 1142 825 1221 quod
837 1140 959 1220 omniaq

72 1224 161 1283 homo
169 1224 291 1301 appetit,
307 1233 427 1301 appetat
440 1232 563 1302 propter
574 1221 713 1281 ultimum
728 1223 819 1283 linem
840 1221 976 1281 formalem
996 1263 1002 1298 ,

74 1304 144 1382 quia
164 1303 271 1370 omnia,
287 1322 354 1381 quas
378 1302 526 1372 volumus,
549 1302 687 1361 volumus
701 1304 757 1362 sub
782 1302 896 1363 ratione
922 1288 976 1360 boi

74 1385 217 1463 undequi
233 1384 298 1443 vult
311 1383 432 1461 aliquod
445 1385 557 1442 bonum
572 1382 759 1461 particulare,
768 1384 817 1442 vel
831 1382 907 1442 illud
919 1402 952 1462 ap
971 1454 974 1461 Ι

73 1464 110 1524 tit
123 1465 154 1523 in
175 1464 280 1523 ordine
293 1462 332 1521 ad
344 1463 459 1522 bonum
472 1463 638 1522 uniuersale
652 1483 704 1522 seu
725 1463 947 1535 beatitudinem,

74 1545 177 1604 saltem
191 1544 268 1604 illud
282 1554 419 1603 censetur
434 1546 476 1603 sic
489 1554 651 1622 appetere3
676 1544 757 1602 unde
770 1543 861 1602 horno
874 1544 905 1601 in
918 1562 958 1601 orn
973 1540 986 1557 ‘'

73 1627 130 1685 bus
144 1624 319 1693 virtualiter,
344 1623 392 1681 vel
411 1623 633 1702 interpretatiue
658 1623 790 1684 intendit
802 1624 959 1684 beatitudin

77 1725 108 1762 rn
125 1723 283 1765 commum.

116 1786 240 1845 Dictum
254 1795 299 1842 est
313 1791 333 1817 “
343 1783 390 1841 vel
404 1785 626 1862 interpretative
642 1788 669 1857 ;''
684 1784 756 1863 quia
765 1805 827 1843 non
840 1786 870 1842 in
880 1784 970 1843 omnib

83 1866 218 1924 homines
246 1863 412 1923 virtualiter
431 1864 586 1924 intendere
606 1865 696 1923 finem
710 1864 850 1937 ultimum
864 1866 939 1924 form

78 1946 136 2020 (uti
150 1945 381 2024 vultDaelman)
391 1945 520 2004 ostendit
533 1946 682 2023 wiggero,
693 1945 883 2004 conclusione
899 1956 923 2004 1.
933 1938 1002 2003 and,

118 2027 256 2085 Anidem
268 2025 356 2084 homo
370 2026 457 2084 simul
469 2026 579 2085 habere
591 2036 691 2104 potest
702 2026 804 2104 plures
818 2026 892 2085 fines
901 2025 1002 2107 ultinq

78 2108 183 2166 totale's
194 2119 224 2166 et
237 2106 428 2182 adaequatos?
978 2112 1002 2243 Δ

120 2188 163 2245 ll.
177 2189 211 2246 R.
228 2187 382 2264 Negative,
393 2187 482 2264 juxta
495 2185 570 2244 illud
582 2186 690 2245 Mat'tb.
700 2206 764 2264 cap.
775 2186 804 2247 6.
818 2208 846 2245 v.
860 2194 909 2245 24.
925 2193 943 2220 “
955 2184 977 2242 N

82 2276 102 2302 “
116 2286 165 2325 mo
179 2278 277 2346 potest
287 2267 404 2324 duobus
420 2267 556 2325 Dominis
569 2268 715 2327 servire...
732 2286 792 2325 non
806 2267 930 2346 potestis
951 2264 1002 2325 De

81 2357 100 2382 “
115 2348 225 2406 servire
239 2359 269 2405 et
284 2349 461 2405 Mammouae
474 2351 504 2417 ;”
515 2348 592 2407 ratio
610 2358 664 2417 est,
680 2347 762 2426 quod
775 2347 862 2417 illud,
874 2342 952 2424 quod
962 2362 1002 2421 ap·

79 2430 191 2509 petitur
205 2439 238 2486 ut
252 2427 318 2485 finis
342 2426 515 2503 simpliciter
529 2428 662 2497 ultimus,
682 2439 840 2506 appetatur
862 2436 897 2486 ut
909 2429 1002 2486 bonu!

81 2508 246 2568 universale
257 2508 342 2586 plene
358 2508 465 2565 satians
480 2511 654 2585 appetitum,
668 2508 726 2567 hoc
739 2520 838 2566 autem
851 2528 913 2567 non
925 2510 1002 2586 pot&

81 2589 239 2649 convenire
252 2588 310 2646 nisi
324 2587 384 2645 uni.
428 2588 519 2660 Quod
534 2587 609 2647 adeo
624 2608 727 2647 verum
742 2600 796 2659 est,
817 2600 853 2647 ut
860 2587 948 2646 homo
959 2600 1002 2649 nol

81 2669 195 2728 tantum
219 2689 279 2727 non
300 2668 393 2747 possit
406 2668 571 2727 intentione
593 2669 700 2728 actuali
715 2669 825 2727 habere
835 2668 937 2749 plures
949 2667 1002 2725 fine

83 2749 201 2807 ultimos
214 2750 329 2818 totales,
345 2747 396 2807 sed
410 2766 465 2806 nec
479 2748 599 2807 virtuali
614 2759 665 2806 aut
676 2749 829 2808 habituali.

123 2828 177 2888 IV.
202 2831 302 2890 Potest
327 2840 426 2886 tamen
446 2829 533 2887 simul
557 2828 666 2888 habere
687 2829 789 2907 plures
816 2829 890 2888 fines
906 2828 1002 2888 ultimo

82 2910 320 2988 interpretative:
348 2918 391 2978 ut,
413 2908 484 2965 dum
510 2910 613 2968 eodem
636 2920 771 2988 tempore
790 2910 879 2987 plura
904 2915 1002 2988 peccet!

82 2989 217 3048 mortalia
228 2989 394 3048 committit.
800 3032 802 3037 -

124 3070 199 3130 Item
213 3069 323 3128 habere
333 3078 431 3147 potest
443 3069 547 3128 eodem
561 3079 694 3148 ternpore
707 3069 809 3148 plures
823 3067 897 3127 fines
906 3068 1002 3127 ultimo

83 3149 221 3230 partiales
235 3151 287 3229 qui
302 3148 391 3208 simul
414 3149 599 3209 constituunt
612 3169 705 3208 unum
720 3148 861 3208 ultimum
874 3146 998 3208 totalem.

88 3313 125 3373 N.
138 3321 167 3372 4.
203 3311 262 3371 DE
285 3311 389 3369 FINE
412 3309 584 3370 ULTIMO
608 3309 843 3369 PECCANTIS
858 3306 1001 3368 Monte

484 3409 626 3470 LITER.

89 3573 114 3630 l.
127 3570 253 3631 Peoeoue
264 3572 418 3631 mortaliter
430 3572 509 3649 ponit
523 3570 605 3635 finem
620 3570 742 3629 altiorum
756 3567 785 3627 in
798 3568 943 3627 creutrrrd.
982 3567 1002 3626 1:

128 3646 373 3728 Noujormaliler,
384 3650 434 3708 sed
443 3653 662 3728 interpretation
699 3649 758 3707 Ill.
774 3647 811 3706 Iu
825 3646 883 3725 qud
896 3656 1002 3709 creato

120 3727 276 3790 terestrium
297 3729 377 3790 illum
391 3733 483 3800 fieriu.
523 3731 585 3789 W.
604 3728 688 3787 Finis
707 3727 819 3785 ouium
830 3726 971 3800 uoeeoutie
982 3746 1002 3784 u

109 3807 287 3871 nr'alr'terest
301 3812 405 3874 boreum
421 3813 455 3875 in
465 3808 619 3871 cotnmuui.
