2160 4072
1 27 1044 59 W

433 104 636 152 TRACTATUS

123 294 130 301 -
238 254 277 314 N.
299 252 327 315 6.
370 255 429 315 DE
452 251 729 314 IGNORANTIA
751 250 838 312 DEI.

66 384 91 443 Ι.
110 383 281 463 Ignorantia
295 381 354 443 Dei
365 381 542 455 invincibilis.
584 384 628 444 ΙΙ.
648 385 715 443 Nou
729 382 815 441 datur
838 390 868 441 ut
882 381 1009 443 uutlrort't

105 462 287 525 naturalium.
329 462 390 523 ΙΙΙ.
405 462 510 520 Datur·
516 456 608 524 tamea
623 473 654 522 ut
668 463 795 519 authoris
804 470 1008 540 supernatura·

106 540 184 599 lium.
227 543 283 602 IV.
307 542 386 600 Deus
398 540 529 618 inprims
541 543 660 603 mutuati
672 540 789 618 physico
802 542 871 601 uaris
881 538 1006 611 muenia

100 621 191 757 juliula
209 620 323 759 paeliguor
337 622 470 700 ignorari
491 622 585 702 aequit
612 618 821 680 inuincibiliter.
863 621 903 678 V.
917 619 1006 683 Juxta
1040 654 1044 681 ε

106 718 286 778 amum.
1039 726 1044 731 ·

107 828 169 888 AN
191 828 265 889 Dari
278 840 377 910 potest
389 830 557 909 ignorantia
570 828 752 889 invincibilis
767 828 848 887 Dei?

113 910 138 967 Ι.
161 911 196 968 R.
218 912 302 970 Deus
317 924 350 970 ut
363 910 471 970 author
484 911 675 981 naturalium,
696 907 913 968 invincibiliter
926 904 1003 985 iguo·
1028 964 1041 981 ,-

69 988 130 1048 rari
141 1009 202 1047 non
215 1002 338 1067 potest3
360 990 431 1069 quia
452 991 548 1049 omnis
568 991 657 1049 homo
682 988 806 1048 rationis
821 1007 954 1069 compos,
971 1004 1002 1045 cx

73 1069 215 1129 creaturis
230 1073 330 1131 Deum
346 1090 524 1150 cognoscere
534 1082 640 1149 potest.
667 1080 672 1087 “
1026 1122 1039 1139 ,

113 1150 154 1209 ll.
170 1150 286 1213 Deinde
297 1152 464 1229 ignorantia
474 1152 534 1210 Dei
544 1150 726 1210 invincibilis
736 1154 1002 1229 excusattpecrato
1027 1150 1044 1158 “

71 1230 210 1303 formali3
230 1232 312 1311 atqui
324 1243 422 1292 tamen
433 1231 534 1290 Deum
547 1232 717 1309 ignorantes
731 1231 747 1288 d
760 1239 884 1308 peccato
898 1222 1001 1288 formali
1027 1232 1030 1237 '

71 1331 132 1370 uon
145 1323 326 1372 excusantur
338 1335 349 1385 ,·
371 1312 512 1371 dicuntur
526 1314 605 1371 enim
619 1310 666 1371 ad.
688 1313 772 1370 Rom.
786 1329 851 1389 cap.
877 1318 906 1370 8.
920 1328 947 1367 v.
963 1312 1000 1369 11.
1027 1364 1044 1387 ,-

75 1399 95 1426 “
110 1392 326 1452 inexcusabiles
339 1395 365 1451 :”
377 1403 409 1452 et
422 1394 490 1471 Sap.
506 1410 570 1471 cup.
598 1401 644 1455 13.
659 1412 688 1453 v.
712 1399 740 1451 8.
762 1390 801 1451 de
814 1389 924 1450 talibus
937 1385 1001 1451 dici·

75 1478 96 1506 “
107 1483 174 1531 tur:
198 1472 263 1532 Nec
277 1473 322 1532 his
337 1473 426 1532 debet
439 1473 581 1551 ignosci.'’
1038 1522 1041 1527 .

102 1552 176 1613 .III.
198 1553 322 1612 Dictum
337 1564 390 1623 est,
412 1559 432 1588 ‘⁸
446 1565 481 1613 ut
494 1551 819 1622 authornaturalium,”
837 1551 909 1628 quia
919 1551 1002 1618 Deus,
1042 1616 1044 1621 ¹

73 1632 107 1690 dt
116 1633 224 1690 author
238 1634 340 1712 gratiae
354 1645 384 1692 et
404 1634 682 1711 supernaturalium,
703 1630 916 1692 invincibiliter
930 1630 1003 1709 igno·

74 1713 134 1770 rari
147 1724 252 1790 potest.
270 1716 355 1772 Patet
368 1733 405 1773 ex
419 1734 463 1784 eo,
485 1714 567 1792 quod
581 1711 817 1792 supernaturalia
830 1711 1005 1771 innotescant

75 1791 169 1850 solium
177 1812 232 1871 per
242 1793 464 1866 revelationem,
476 1814 542 1872 quae
552 1793 764 1853 invincibiliter
773 1792 1004 1869 ignoraripotest·
1041 1846 1044 1851 .

77 1872 159 1931 Hinc
183 1872 272 1931 datur
290 1874 449 1934 infidelitas
462 1875 537 1954 pure
562 1875 702 1953 negativa
729 1874 798 1943 Dei,
826 1882 861 1931 ut
885 1869 1006 1931 authoris

78 1951 358 2030 supernaturalium.

118 2033 264 2104 Observa,
283 2034 364 2113 qudd
374 2034 463 2094 homo
471 2034 540 2094 solis
549 2033 784 2094 naturaeviribus
793 2052 861 2092 cum
870 2048 1005 2091 concursu

76 2113 136 2190 Dei
148 2114 277 2172 naturali
287 2116 399 2194 absque
422 2116 518 2194 gratia
530 2117 624 2193 possit
646 2114 804 2193 pervenire
819 2112 857 2171 ad
881 2113 1007 2172 notitiam

77 2192 147 2262 Dei,
161 2203 197 2252 ut
210 2195 343 2254 authoris
351 2207 483 2266 naturae;
495 2195 547 2254 illa
561 2205 660 2269 tamen
671 2193 777 2253 notitia
790 2194 850 2251 non
865 2188 971 2252 sufficit
978 2187 1009 2249 ad

79 2271 450 2345 sulutem3cdmtanti1m
477 2277 515 2335 sit
540 2275 663 2335 scientia
688 2273 840 2343 naturalis,
860 2292 922 2331 non
946 2271 1009 2330 fides

78 2354 319 2431 supernaturalis,
341 2355 404 2415 sine
419 2376 487 2433 qua,
504 2355 593 2434 juxta
607 2359 713 2435 Apost.
729 2354 765 2412 ad
780 2355 874 2412 Hebr.
890 2373 955 2432 cap.
970 2359 1008 2411 11.

78 2453 108 2493 r.
119 2433 148 2504 6,
171 2441 191 2467 “
204 2434 391 2513 Impossibile
405 2447 448 2494 est
462 2435 580 2513 placere
595 2438 688 2496 Deo.'’

120 2515 281 2587 Quaeritur,
302 2536 340 2574 an
349 2516 451 2574 saltem
466 2518 551 2575 Deus
564 2519 661 2593 primo
675 2514 797 2573 instanti
810 2514 938 2594 physico
949 2509 1012 2571 usis

78 2595 210 2666 rationis,
239 2604 273 2653 ut
304 2595 412 2656 author
438 2595 627 2668 naturalium,
649 2594 862 2657 invincibiliter
890 2588 1014 2674 ignorari

132 2675 192 2734 sit?

76 2693 176 2814 Imm
201 2756 236 2813 R.
259 2755 398 2835 Plerique
420 2767 539 2835 putant,
562 2756 643 2836 qudd
656 2777 737 2816 non:
758 2759 792 2814 ed
815 2754 898 2832 qudd
919 2752 1015 2833 Scrip·
1040 2800 1044 2807 .

80 2842 148 2891 tura
161 2846 192 2894 et
208 2837 309 2895 Patres
333 2837 447 2895 nullam
467 2838 671 2916 exceptionem
686 2837 814 2895 faciant:
838 2832 946 2893 deinde
961 2832 1017 2891 dis·

79 2933 196 2987 „cursus
216 2936 277 2993 quo
286 2936 322 2974 ex
331 2918 473 2977 creaturis
486 2918 619 2978 noscitur
628 2916 721 2987 Deus,
735 2927 796 2975 tam
810 2913 905 2973 facilis
919 2925 973 2983 est,
987 2921 1018 2971 ut

82 2994 187 3053 eodem
216 2996 349 3067 instanti,
371 3017 431 3075 quo
458 3009 594 3057 creatura
619 3007 780 3075 spectatur,
802 2995 892 3055 etiam
907 3005 1019 3052 creator

81 3074 264 3148 innotescat;
286 3077 346 3136 fera
360 3079 403 3136 uti
417 3078 522 3137 eodem
545 3089 706 3145 momento,
727 3096 787 3154 quo
801 3075 883 3133 visus
897 3073 978 3133 cadit
991 3073 1020 3132 in

82 3155 248 3232 speculum,
269 3156 420 3236 objectum
433 3166 676 3236 repraesentatum
699 3155 889 3234 conspicitur.

125 3235 253 3295 Accedit
265 3237 475 3298 condemnatio
488 3238 578 3336 hujus
591 3237 820 3331 propositionis:
832 3242 853 3268 “
865 3235 1024 3293 Peccatum

85 3315 624 3411 “philosophicum......quantumvra
636 3337 727 3395 grave
742 3317 773 3374 in
788 3335 832 3387 eo,
854 3314 906 3393 qui
923 3314 1023 3373 Deum

84 3402 104 3432 “
118 3407 246 3474 ignorat,
270 3397 318 3455 vel
331 3398 369 3456 de
388 3399 455 3458 Deo
476 3408 545 3457 actu
558 3417 619 3456 non
633 3398 744 3475 cogitat
758 3406 803 3455 est
815 3413 909 3472 grave
920 3412 1024 3473 pecca·

83 3482 104 3511 “
114 3487 189 3548 tum,
211 3477 264 3535 sed
282 3497 343 3536 non
356 3488 402 3537 est
414 3477 524 3537 offensa
535 3478 604 3550 Dei,
623 3496 720 3556 neque
734 3486 890 3555 peccatum
900 3471 1025 3535 mortale

84 3562 105 3589 “
117 3556 283 3616 dissolvens
291 3557 450 3617 amicitiam
459 3559 528 3630 Dei,
541 3578 640 3636 neque
649 3559 739 3637 poensi
749 3557 862 3616 oeternd
871 3553 1025 3633 dignum?

126 3634 162 3696 V.
172 3637 234 3696 Alii
244 3650 344 3697 tamen
351 3658 412 3697 nou
421 3639 658 3716 improbabiliter
665 3639 782 3708 docent,
794 3636 892 3714 primo
901 3632 1025 3695 instanti

75 3714 207 3794 physico
221 3720 322 3779 Deum
335 3718 547 3779 invincibiliter
560 3719 692 3798 ignorari
715 3736 801 3798 posse
812 3738 822 3787 ;
850 3733 912 3775 non
924 3723 1026 3775 tamen
