2160 4072
452 114 508 162 ,nn
531 114 599 161 nso
957 94 1001 163 29

56 259 89 323 in
101 258 166 321 hec·
174 248 239 321 vite
251 257 311 321 fnit
333 261 423 319 droul
435 262 531 323 viator
544 274 575 321 et
594 260 823 340 eomprehensor
836 281 845 318 z
864 259 1000 338 sdeiqoe

57 342 157 401 anime
172 341 286 405 Christi
299 342 315 400 ὲ
328 339 428 420 primo
439 342 561 401 instanti
574 342 632 401 fuit
643 344 737 403 bento.

99 423 130 481 S.
152 422 263 481 Thom.
276 431 334 483 ert.
361 421 410 480 eit
431 423 471 483 ed
483 431 511 482 9.
526 423 683 492 existimet,
707 420 903 502 privilegium
922 419 1000 481 illud

59 501 185 563 videndi
199 504 301 561 Deum
312 501 458 570 intuitive‚
476 523 534 581 pro
546 504 656 583 exiguo
665 512 802 581 tempore
824 520 881 580 per
893 500 997 562 lumen

61 585 206 641 transiens
216 583 308 640 fuisse
321 601 491 642 conoessum
503 583 601 661 Moysi
612 593 642 642 et
657 583 759 643 Paulo.

99 664 143 723 11.
164 661 358 723 communior
370 672 471 723 temen
483 664 707 724 sententiarum
733 664 762 722 S.
786 663 849 722 Gre
873 707 880 721 .
902 661 1000 730 docet,

63 742 137 801 nulli
162 742 283 805 mortali
306 743 339 801 id
351 742 444 803 fuisse
465 762 650 814 concessum,
676 764 733 804 nee
756 682 999 802 conscientium

64 824 132 901 qu‘n
144 824 233 883 Deus
245 825 309 900 ipse
315 823 414 883 Exod.
428 843 492 901 esp.
504 831 553 883 33.
566 845 595 882 v.
609 833 657 884 20.
670 825 746 883 dieit
759 823 880 902 Moysi:
896 830 916 857 “
930 823 1002 883 Non

67 909 83 934 ‘⁴
95 902 214 963 videbit
224 923 274 963 me
287 903 386 972 bomo,
400 914 431 963 et
441 906 523 963 vivet
531 907 559 962 θ’
572 916 604 964 et
615 906 701 964 loen.
712 924 779 983 esp.
795 913 820 964 1.
840 923 869 963 v.
888 910 913 963 1.
927 902 1002 964 diei-

67 994 122 1052 tur,
138 991 159 1017 “
175 985 276 1043 Βειιιιι
291 1003 379 1042 nemo
392 985 468 1044 vidit
482 981 641 1062 unquam.’'

98 1064 173 1142 obj.
197 1065 222 1123 1.
239 1064 336 1123 Exodi
347 1083 413 1142 esp.
435 1071 484 1124 33.
501 1085 529 1124 v.
549 1073 594 1124 11.
619 1065 750 1126 dicitnr:
773 1073 793 1100 “
807 1063 1002 1142 Loquebetur

69 1144 179 1205 “Dens
192 1145 232 1203 sd
255 1145 381 1221 Moysen
401 1144 477 1205 fecie
500 1145 538 1203 sd
551 1136 693 1205 ficiclo?
711 1145 795 1224 etqui
816 1163 873 1222 per
894 1142 1003 1203 faeiem

68 1223 239 1302 intelligitur
260 1223 337 1283 visio
361 1224 510 1296 intuitivs,
527 1226 615 1305 juxte
639 1246 670 1285 v.
696 1236 742 1287 le.
767 1245 832 1304 esp.
849 1231 939 1284 13.1.
961 1222 1001 1283 erl

68 1305 129 1363 Cor.
139 1324 224 1382 ergo,
245 1307 299 1365 &o

104 1385 138 1443 Β.
162 1387 251 1462 Nego
264 1402 383 1463 conseq.
397 1385 470 1463 quie
482 1406 536 1465 per
550 1386 657 1445 faeiem
667 1386 710 1445 ibi
723 1382 838 1445 sentim
852 1384 1001 1462 significa*
1046 1414 1051 1421 ·

67 1474 122 1535 tur,
135 1465 217 1542 quod
228 1465 367 1542 Angelus
382 1467 483 1533 Deum
495 1475 712 1544 representans
731 1467 764 1524 in
778 1465 876 1544 speeie
888 1463 1003 1525 visibili

66 1546 223 1624 assumpti,
237 1545 411 1623 loqueretur
424 1547 499 1606 facie
517 1547 557 1605 ed
570 1547 676 1607 faciem
687 1565 757 1605 cum
770 1546 878 1625 Moyse
893 1544 1002 1605 famili·

65 1624 158 1696 ariter,
172 1636 204 1684 et
215 1646 278 1685 non
289 1625 322 1683 in
333 1645 435 1684 somno
444 1637 496 1685 aut
505 1626 672 1704 aenigmate,
684 1626 842 1707 quomodo
849 1625 916 1687 aliis
928 1625 1002 1684 Pro-

66 1703 160 1781 plene
173 1707 258 1771 Deus
271 1706 355 1783 loqui
369 1706 483 1766 solebat
491 1730 502 1779 ;
513 1717 546 1766 ut
557 1706 667 1767 dieitur
682 1710 721 1767 N.
738 1715 784 1767 12.
798 1727 829 1766 v.
840 1706 869 1768 6.
884 1715 913 1774 7.
927 1717 959 1765 et
973 1713 1001 1765 8.

66 1783 94 1841 id
106 1787 194 1844 etiem
215 1787 360 1864 probatur
374 1806 411 1845 ex
434 1787 565 1864 eoquod
578 1789 700 1867 Moyses
713 1786 813 1847 Exodi
827 1807 894 1865 cap,
908 1792 958 1847 83.
971 1806 1000 1845 v.

66 1869 110 1924 18.
121 1865 224 1927 adhoc
236 1866 377 1944 petiverit
391 1878 425 1926 ut
438 1869 524 1927 Deus
535 1868 563 1927 ei
578 1868 747 1928 ostenderet
760 1868 885 1945 gloriam
907 1885 1001 1935 susm,

64 1945 363 2024 ipsiqueresponsum
376 1947 416 2006 sit
429 1967 457 2006 v.
472 1956 522 2009 20.
537 1956 558 1982 “
573 1950 643 2007 Non
656 1947 770 2026 poteris
780 1947 883 2007 videre
894 1946 1002 2007 faeiem

64 2044 174 2085 nerem
195 2047 258 2086 non
271 2034 293 2060 “
302 2027 381 2087 enim
392 2027 507 2087 videbit
516 2048 565 2087 me
576 2029 676 2100 homo,
691 2039 722 2086 et
734 2027 842 2087 vivet.'’

99 2107 255 2179 Quantism
269 2107 307 2166 ad
320 2107 418 2166 locum
434 2110 540 2186 Apost.
553 2119 636 2186 petet
649 2128 717 2167 eum
730 2107 815 2185 loqui
828 2106 866 2167 de
889 2105 1002 2166 visione

66 2185 118 2244 Dei
131 2187 285 2257 intuitivi,
305 2207 343 2247 ex
355 2207 392 2245 eo
412 2188 492 2264 quid
501 2189 750 2265 comparationem
764 2188 901 2249 instituet
923 2187 1002 2247 inter

66 2267 261 2345 cognitionem
273 2267 333 2327 Dei
341 2286 502 2344 rerumque
513 2269 682 2328 divinarum
695 2269 728 2329 in
739 2267 797 2328 hec
806 2267 869 2327 vite
883 2278 915 2327 et
927 2286 1003 2336 eam,

67 2365 126 2422 quse
139 2367 199 2426 pro
211 2347 338 2426 praemio
350 2357 526 2426 expectetur
535 2349 568 2407 in
577 2348 670 2408 elteri
683 2349 754 2409 viss

100 2427 172 2506 obj.
184 2427 229 2487 ΙΙ.
255 2429 284 2486 S.
301 2427 443 2486 Paulus2
466 2429 506 2487 sd
520 2429 588 2489 Cor.
602 2447 668 2508 esp.
695 2437 739 2490 ls.
763 2428 824 2488 fuit
847 2437 951 2506 raptus
964 2426 1005 2485 sd

68 2507 184 2567 tertium
199 2508 326 2567 Coelum:
346 2528 430 2585 ergo,
447 2511 503 2568 διο.

101 2588 134 2645 ll.
150 2590 243 2666 Nego
255 2606 374 2665 conseq.
384 2589 456 2665 quie
465 2589 529 2666 ipse
543 2590 648 2667 Aport
664 2589 761 2667 Epist.
778 2597 804 2647 1.
816 2587 855 2646 sd
869 2585 1002 2655 Timoth.

67 2669 460 2808 vnrvnrrn
472 2666 1005 2828 61151

68 2826 89 2883 si
99 2828 209 2887 Paulus
222 2829 346 2889 vidisset
355 2829 414 2887 Dei
422 2830 593 2901 essentiam,
605 2849 666 2889 non
676 2829 807 2891 dixesset
815 2848 845 2888 se
854 2827 1004 2888 audivisse

53 2918 56 2925 '
70 2913 86 2938 “
96 2927 202 2968 arcana
215 2911 335 2978 verbs‚’'
349 2907 401 2967 sed
412 2909 523 2987 potiris,
539 2909 621 2987 quod
628 2929 735 2971 arcens
747 2909 780 2967 in
791 2909 859 2968 Deo
868 2906 1003 2966 vidisset.

103 2988 201 3049 Multo
213 2988 313 3048 minsis
328 2988 496 3049 verosimile
510 3001 554 3049 est
568 2988 729 3060 Ademum,
751 2991 781 3051 S
807 2988 1002 3069 Stephanum,

53 3112 55 3135 ,
70 3078 112 3127 sut
125 3070 155 3129 S.
179 3067 376 3130 Benedictum
400 3068 459 3129 Dei
479 3070 636 3129 essentiam
662 3069 790 3131 vidisse:
805 3069 865 3129 imo
891 3066 925 3127 id
947 3085 1004 3128 nec

53 3148 55 3215 i
72 3142 147 3209 Divae
161 3149 283 3229 Virgini
296 3148 419 3228 quidem
441 3149 471 3209 in
486 3151 587 3209 nostri
600 3150 746 3211 sententis
760 3148 942 3239 conceditnr.

53 3330 55 3359 ,
94 3277 189 3338 Ml.
203 3281 264 3340 DE
287 3278 857 3340 INCOMPREllENSlBlLlTA'l'E
880 3277 969 3337 DEI.

316 3408 348 3469 8.
367 3406 464 3469 Thoen.
475 3416 573 3487 quest.
591 3416 635 3468 12.
650 3418 707 3469 orl.
718 3418 749 3470 3.

53 3598 55 3603 .
79 3529 96 3586 Ῑ·
119 3535 356 3617 Comprehendere
367 3537 490 3595 sumitur
504 3535 663 3615 dupliciter.
686 3537 731 3598 ΙΙ.
745 3536 909 3597 [nulleetvs
920 3554 1002 3596 cree-

120 3613 629 3763 &stetisset-,millitis
657 3615 795 3678 oso
808 3616 899 3678 Μ’·
941 3612 1005 3676 ¹¹¹·

99 3788 488 3873 senseresensere,
505 3760 703 3946 vigennium
715 3790 1039 3889 ‹wompxsnesnes‘

440 3908 444 3915 '
493 3898 519 3939 D
