2152 4066
69 79 133 141 124
436 97 638 141 sonorosus

106 248 211 287 oreore.
254 226 290 286 V.
312 225 445 319 Implioot
460 227 581 323 Angelos
603 248 683 306 posse
704 243 811 291 oreore
853 226 909 284 VI.
932 227 1008 296 Tres

104 306 405 446 ζεῗὲἱδυενὸοιιιπι
396 325 429 364 ιιι
451 307 610 386 principio,
637 315 687 368 eto.
728 304 801 367 VH:
835 306 945 365 Unicus
970 315 1008 364 est

108 548 218 621 QUID
234 546 353 624 proprie
368 556 410 605 est
424 553 546 607 creare?

110 630 133 686 Ι.
150 629 185 688 R
196 628 318 687 CumS
335 627 442 686 Thom.
458 639 511 686 art.
529 635 553 685 Ι.
568 637 612 685 est
626 647 662 685 ex
682 627 777 686 nihilo
800 626 916 705 aliquid
940 647 1027 703 pro

68 708 195 766 ducere:
225 719 255 766 et
278 707 320 767 ita
341 707 470 766 differt
459 733 474 767 a
496 708 686 786 generatione
708 719 740 767 et
751 709 928 778 mutatione
944 727 1027 787 ιιιιιιι

69 789 145 846 ΙΙιιιιι
155 808 192 846 ex
206 788 1027 871 aliquo..

110 869 181 947 Obj.
198 870 292 929 Juxta
306 868 607 946 axiomareceptum.
620 889 656 927 ex
671 867 1027 966 n1h1lon1h11fit,erg0‚„

67 960 123 1008 etc.

110 1031 151 1088 ΙΙ.
176 1031 210 1088 R
235 1029 346 1086 Verum
371 1030 489 1087 tantum
513 1040 557 1089 est
582 1030 697 1088 axioma
721 1028 778 1087 hoc
803 1049 900 1098 sensu,
931 995 1027 1113 quod:

68 1109 194 1168 nihilum
219 1129 278 1166 non
299 1109 393 1187 possit
406 1129 469 1168 esse
482 1110 614 1180 materia,
630 1129 666 1167 ex
680 1109 740 1187 qui
755 1109 869 1187 aliquid
883 1109 936 1181 fit3
957 1074 1027 1192 sed}

69 1191 142 1248 dum
154 1190 263 1247 dicitur
278 1189 421 1263 mundum
436 1200 566 1249 creatum
579 1211 643 1249 esse
657 1211 694 1248 ex
707 1190 809 1261 nihilo,
823 1211 884 1248 ιιοιι
899 1176 1027 1248 intelli·

29 1286 33 1291 ’
66 1291 165 1347 gimus
175 1268 303 1329 nihilum
312 1291 375 1328 esse
384 1272 547 1337 matonam
559 1291 595 1328 ex
610 1280 668 1348 qui
660 1269 814 1330 imundus
828 1280 945 1329 creatus
956 1282 1027 1341 est

68 1352 128 1409 sed
133 1354 326 1411 tantumesse
339 1352 535 1411 terminum“
540 1354 642 1428 iquo¹
644 1351 871 1430 'productionis
885 1346 1027 1424 mundig.

67 1431 141 1490 adeo
151 1432 397 1510 utpraeposrtro
407 1436 456 1490 ex'
459 1430 591 1495 'tantum
602 1432 739 1510 desrgnet
749 1431 880 1489 ordinem
892 1451 1027 1492 succes.

67 1512 164 1570 sionis.
208 1512 327 1571 Deinde
337 1511 451 1570 dicits
467 1512 575 1571 Thom.
590 1523 644 1570 art.
659 1522 687 1571 ⁶2.
702 1513 781 1570 adl.
797 1513 877 1589 quod
891 1506 1027 1590 praepo-f

67 1593 133 1651 sitio
147 1594 204 1651 ista
217 1593 329 1650 tantum
352 1612 423 1651 vera
444 1593 482 1650 sit
503 1592 541 1651 de
558 1604 665 1676 agente
688 1593 871 1671 particulari,
896 1610 957 1650 non
970 1590 1004 1650 de
1025 1590 1027 1595 ⁴

68 1672 228 1732 universali
238 1693 337 1731 rerum
348 1673 508 1749 principio.

109 1755 215 1823 Proba,
229 1753 376 1811 mundum
392 1763 423 1811 et
436 1753 534 1811 omnia
549 1773 616 1831 quoe
630 1755 661 1812 in
676 1774 711 1812 eo
725 1764 804 1823 sunt,
820 1755 835 1810 i
857 1755 926 1811 Deo
946 1771 1005 1811 esse

66 1844 172 1893 ereata.

66 1966 70 1974 .
107 1912 218 1975 111.·n.
236 1916 283 1973 Ex
299 1913 409 1972 Genes.
432 1933 496 1992 cop.
520 1922 546 1973 1.
561 1932 590 1971 v.
607 1921 634 1974 1.
650 1922 670 1948 “
682 1913 719 1972 In
732 1913 882 1991 principio
896 1915 1005 1983 creavit

67 2001 88 2026 “
103 1995 187 2052 Deus
211 1994 320 2053 coelum
340 2005 371 2053 et
397 1997 543 2066 terrom;”
564 2005 593 2052 et
618 1998 721 2054 Actor.
747 2014 810 2071 cap.
834 2003 879 2061 17.
905 2017 933 2053 v.
957 2003 1002 2053 24.

68 2082 88 2106 “
106 2075 196 2142 DeuS,
213 2075 265 2152 qui
278 2074 351 2132 fecit
363 2075 520 2145 mundum,
535 2084 565 2131 et
575 2076 673 2133 ornnia
684 2094 751 2153 quae
764 2075 795 2132 in
810 2095 846 2133 eo
860 2077 957 2134 sunt''

106 2154 254 2213 Probatur
277 2155 399 2213 etiam
388 2179 403 2212 a
423 2154 554 2214 ratione.
576 2155 645 2232 quia
672 2175 731 2213 non
756 2164 852 2234 potest
871 2175 936 2214 esse
949 2153 1006 2212 nisi

67 2234 188 2293 unicum
203 2255 255 2293 ens
279 2234 297 2293 a
322 2255 364 2304 se,
385 2245 420 2293 ut
435 2237 524 2293 Num.
540 2243 569 2301 7.
583 2235 696 2293 dictum
711 2244 772 2295 est·
796 2255 868 2313 ergo
891 2235 1007 2317 reoque

65 2326 135 2373 sunt
145 2314 225 2373 entia
233 2335 286 2392 per
296 2315 552 2392 participationem
561 2312 693 2374 tantum:
709 2337 780 2394 ergo
794 2341 809 2374 a
796 2318 888 2374 Deo
900 2325 1006 2374 creata.

105 2395 178 2474 Obj.
205 2397 288 2455 Deus
312 2412 372 2453 non
395 2395 507 2454 creavit
527 2405 699 2471 peccatum:
724 2417 794 2475 erga
813 2415 874 2455 non
896 2395 1008 2457 creavit

65 2476 173 2535 omnia.

105 2558 140 2615 R.
157 2557 234 2634 Neg.
250 2575 328 2615 cons.
343 2556 413 2633 quia
425 2566 581 2634 peccatum
596 2557 760 2617 secundum
783 2577 868 2616 suum
881 2557 1008 2616 formale

64 2646 182 2695 nonest
202 2636 316 2715 aliquid
340 2648 481 2707 creatum,
505 2637 557 2697 sed
578 2638 706 2715 privatio
730 2648 760 2697 et
782 2636 877 2696 nihil:
901 2636 1008 2698 verum

65 2727 230 2810 peccatum,
256 2717 420 2776 secundum
442 2738 528 2777 suum
553 2719 712 2790 materiale,
734 2718 809 2778 esta
824 2719 917 2790 Deo·
937 2737 1006 2776 nam

65 2799 159 2856 omnis
169 2817 216 2855 res
231 2796 376 2874 quatenus
390 2818 451 2867 ens,
463 2810 508 2858 est
520 2800 599 2857 bona
611 2802 670 2857 et
659 2823 674 2857 a
690 2801 764 2859 Deo.

105 2879 160 2937 IV.
177 2880 282 2946 Proba,
295 2879 376 2955 quod
390 2879 444 2936 soli
456 2881 522 2937 Deo
535 2891 684 2958 competat
697 2899 806 2940 creare.

106 2960 141 3016 R
158 2959 304 3017 Probatur
319 2979 355 3017 ex
371 2957 463 3017 Eccli.
478 2979 543 3036 cap.
567 2968 592 3018 1.
618 2980 645 3017 v.
676 2969 741 3020 8.‘
743 2961 853 3020 Unus
864 2969 910 3016 est
923 2957 1005 3016 altis·

65 3038 194 3096 “simus
208 3040 330 3096 Creator
345 3050 375 3098 et
390 3039 614 3117 Omnipotens?
638 3042 667 3099 S.
683 3041 789 3099 Thom.
804 3049 857 3096 art.
874 3047 902 3098 5.
924 3037 1004 3096 idem

65 3121 172 3196 probat
185 3119 240 3177 hirc
254 3121 387 3178 ratione:
408 3121 465 3178 Per
490 3121 666 3179 creationem
687 3120 862 3197 producitur
883 3118 1004 3177 effectus

67 3199 340 3270 universalissimus,
356 3199 479 3267 scilicet,
493 3207 511 3233 “
522 3220 586 3258 esse
600 3212 741 3260 creaturae
750 3203 778 3271 ;”
793 3219 867 3277 ergo
878 3198 1004 3276 requirit

64 3298 183 3338 causam
196 3280 484 3345 universalissimum,
499 3300 623 3357 eamque
635 3280 802 3339 infinitam:
828 3280 899 3357 quia
914 3288 1004 3337 “eoae

65 3368 85 3394 “
99 3370 128 3417 et
141 3378 201 3418 non
212 3365 291 3418 esse”
302 3361 414 3419 infinite
424 3360 544 3430 distent,
556 3381 630 3438 quos
639 3361 781 3421 terminos
788 3371 885 3425 tamen
895 3358 1004 3419 creatio

69 3440 203 3516 attingit:
220 3461 292 3518 ergo
306 3448 401 3499 virtus
416 3442 536 3499 creandi
550 3453 594 3500 est
604 3442 718 3500 infinita
732 3453 761 3498 et
776 3440 865 3499 solius
881 3440 950 3499 Dei.

106 3520 143 3576 V.
160 3521 241 3580 Hinc
255 3524 398 3599 sequitur,
408 3523 486 3593 quod
499 3523 582 3581 Deus
596 3521 694 3580 omnia
707 3520 1001 3580 immediatecreave-

65 3600 113 3669 rit,
129 3601 252 3677 etquid
270 3622 325 3661 neo
346 3602 466 3678 Angeli,
488 3621 543 3660 nec
566 3602 627 3660 ulla
651 3600 708 3659 alia
732 3612 867 3659 creatura
893 3602 1002 3660 assumi

66 3679 182 3757 possint
207 3681 244 3739 ad
272 3682 444 3761 quidquam·
464 3682 633 3752 creandum,
654 3682 814 3760 nequidem
838 3693 873 3741 ut
892 3681 1004 3744 insuu-

67 3771 200 3821 mentum
216 3762 375 3840 physicum
394 3762 548 3825 creationis
560 3761 588 3820 S.
606 3762 713 3824 Thom.
727 3771 826 3826 arto.
872 3818 877 3825 .
