2160 4072
175 107 220 151 uu
244 107 441 153 creurronss
464 108 591 153 uuum.
780 90 844 160 itt

48 252 161 313 tantum
174 255 324 324 exteriori,
336 253 531 332 proponendo
544 253 658 314 scilicet
670 265 702 314 et
715 254 842 316 eunden·

43 355 56 391 s
68 344 113 393 est
121 334 160 393 ad
174 333 255 393 hunc
269 335 357 393 finem
369 355 440 394 vero
451 344 482 392 et
491 335 618 395 naturali
629 347 779 412 turpente,
789 355 843 416 per

42 413 155 472 locutus
167 425 214 475 est
237 415 353 473 Hevam
364 439 373 487 ;
396 435 494 492 neque
507 415 559 472 illa
571 414 677 474 debuit
689 415 843 476 exhorres·

42 494 81 552 ria
104 493 204 552 omnia
222 494 361 554 animalia
372 506 457 555 erunt
469 494 497 553 ei
509 494 653 574 subjectu,
673 494 844 577 eciebetque

42 573 90 632 ribi
103 593 211 633 nocere
230 595 326 653 posse.

42 675 101 712 ram
111 655 169 713 fuit
181 655 311 733 primunr
323 667 477 734 peccatum
491 659 763 733 protoparentum?

42 747 55 793 l.
70 754 138 793 curn
154 736 184 794 S.
199 735 306 794 Thom.
328 744 356 794 2.
372 744 401 805 2,
425 747 527 812 quaest
545 736 611 795 163.
625 757 651 794 a.
669 744 695 795 1.
714 735 845 813 primurn

42 825 123 874 utam
137 815 246 874 Adami
258 815 349 892 qudm
360 815 453 875 Hevae
463 815 522 875 fuit
532 817 680 893 superbio,
695 835 763 894 quse
775 836 843 876 oon·

42 896 67 952 in
82 916 127 965 eo,
141 895 222 973 qudd
230 907 406 974 appeterent
415 915 479 954 esse
488 896 598 955 similes
610 898 686 966 Deo,
701 897 843 975 quuntdm

42 976 104 1033 :iam
117 975 189 1034 boni
203 987 234 1034 et
257 976 336 1046 mali,
351 987 386 1033 ut
407 975 520 1035 scilicet
544 975 656 1054 seipsos
669 992 845 1055 regenerent

42 1055 139 1114 lenter
150 1055 169 1114 d
181 1056 340 1133 preceptio
353 1055 472 1115 divinis.

44 1149 94 1194 tur
108 1157 145 1194 ex
154 1156 198 1206 eo,
214 1136 295 1213 quid
310 1138 394 1195 Deus
407 1136 632 1214 exprobraverit
644 1135 754 1196 ironice
764 1137 845 1197 Ade-

42 1262 44 1270 .
60 1235 124 1294 cap.
134 1224 164 1276 3.
176 1236 205 1286 v,
220 1223 268 1276 22.
294 1224 314 1250 “
329 1217 408 1274 Ecce
428 1212 528 1275 Adam
549 1216 634 1294 quasi
647 1236 726 1275 unus
744 1235 782 1276 ex
792 1237 846 1277 no·

42 1317 66 1354 rs
80 1308 134 1365 est,
156 1297 249 1354 sciens
257 1297 369 1354 bonum
383 1309 414 1355 et
420 1296 531 1354 malurn
541 1295 569 1355 :'’
598 1296 740 1356 Similiter
748 1317 784 1356 ex
799 1318 844 1370 eo,

42 1376 135 1437 abolus
148 1388 265 1435 tentans
274 1378 462 1454 proposuerit
472 1377 548 1434 illud
559 1375 639 1434 idem
649 1388 804 1454 peccatum
817 1400 845 1441 v.

44 1458 81 1514 tis
96 1458 173 1515 sicut
188 1457 249 1526 Dii,
261 1457 386 1515 scientes
395 1459 507 1516 bonum
518 1467 548 1515 et
558 1456 665 1514 malum
676 1454 705 1528 3⁸⁹
717 1457 847 1519 Videtur

43 1538 59 1594 d
80 1537 143 1595 haec
160 1537 256 1614 prima
275 1538 367 1595 verba
389 1538 421 1594 in
441 1537 610 1615 superbiam
631 1536 717 1596 elate.
759 1537 843 1599 Idem

42 1637 49 1651 ·
63 1636 98 1674 ex
114 1618 206 1676 Eccli.
222 1637 285 1695 cap.
304 1624 353 1680 10.
370 1637 398 1672 v.
412 1625 458 1676 15.

46 1698 103 1754 odo
112 1697 201 1774 primi
209 1708 347 1774 parentes
356 1698 508 1775 potuerint
515 1707 655 1775 appetere
665 1717 729 1756 esee
737 1697 846 1759 similes

43 1798 67 1835 m
81 1777 113 1834 in
136 1777 189 1835 illo
212 1788 291 1837 statu
310 1797 372 1836 non
390 1788 467 1836 esset
479 1797 571 1847 error,
586 1776 686 1855 colligi
701 1788 845 1856 potenter

43 1937 81 1995 ld
96 1939 180 1996 Rom.
196 1957 259 2016 cap.
272 1945 299 1997 5.
315 1958 344 1996 v.
362 1945 407 1996 12.
419 1938 493 1996 dicit
507 1939 621 2015 Apost:
644 1944 665 1971 “
676 1937 731 1996 Per
744 1938 846 2000 inobe-

43 2038 82 2074 rm
108 2018 197 2077 unius
220 2018 360 2084 hominis,
395 2028 565 2097 peccatores
597 2016 749 2077 constituti
777 2034 847 2081 sunt

43 2099 125 2174 Ergo
138 2099 267 2175 primum
276 2108 431 2176 peccatum
446 2099 504 2156 fuit
517 2097 725 2156 inobedientia.

43 2177 288 2237 rinobedientiam
302 2180 344 2237 ibi
358 2177 538 2255 intelligitur
551 2177 732 2255 generaliter
749 2181 844 2258 quod-

47 2271 211 2335 peccatum,
226 2258 360 2336 adeoque
374 2258 415 2316 sic
429 2259 505 2317 sumi
514 2271 612 2336 potest
621 2261 845 2338 prosuperbier

43 2350 70 2396 et
84 2340 190 2398 melius
204 2339 263 2398 dici
284 2349 391 2416 potest,
406 2339 497 2415 quod·
513 2343 620 2417 Apost.
634 2338 774 2417 loquetur
785 2360 846 2401 uon

43 2432 192 2496 speccato
206 2421 334 2489 interno,
362 2419 416 2478 sed
435 2419 474 2479 de
493 2431 616 2497 peccato
639 2431 763 2479 externo
775 2440 854 2480 eona

43 2521 52 2555 r
65 2519 120 2576 per
133 2520 216 2557 esum
230 2497 346 2558 fructirs
360 2498 455 2568 vetiti,
477 2499 558 2576 quod
571 2498 691 2576 proprie
705 2499 768 2558 fuit
775 2520 845 2579 pec.

43 2579 238 2638 robedientiat
265 2599 320 2656 per
334 2581 391 2638 hoc
405 2580 495 2648 enim,
508 2598 568 2636 non
581 2597 636 2656 per
650 2577 727 2638 illud
739 2597 846 2658 pecca·

43 2661 152 2718 istituti
161 2680 272 2719 sumus.

44 2835 71 2886 2.
100 2827 158 2886 DE
182 2826 386 2885 PECCATIS
409 2823 800 2889 PROTOPARENTUM.

44 3003 69 3052 la
92 2995 190 3052 Hence.
212 2994 257 3053 ll.
278 2992 396 3050 Peccata
420 2990 530 3081 ddami.
554 2991 614 3052 lll.
640 2991 712 3051 Uter
728 2997 847 3074 gravide

294 3078 460 3149 peccaverit.

44 3241 48 3296 :
59 3250 89 3298 et
100 3249 173 3316 quot
182 3248 304 3316 peccata
313 3236 474 3307 commissit
486 3236 597 3296 Hera?

76 3319 113 3378 1⁰.
142 3319 311 3378 Commissit
323 3327 478 3395 peccatum
493 3317 639 3394 superbier
657 3317 744 3396 juxte
763 3319 843 3381 dicta

44 3400 139 3458 ·aeced.

44 3491 98 3538 ‚xta
112 3479 227 3556 aliquos
241 3477 299 3535 fuit
322 3477 470 3535 dubitatio
482 3476 520 3533 de
534 3488 637 3545 morte,
659 3496 749 3554 quem
764 3480 847 3541 Deus

44 3571 106 3619 utus
116 3560 214 3618 fuerat
225 3560 252 3613 r'’
266 3557 343 3614 dixit
356 3557 434 3614 enim
453 3558 539 3614 Hera
555 3579 564 3627 ;
592 3565 612 3591 ‘⁸
629 3558 676 3615 Ne
688 3558 766 3626 forti
779 3581 846 3622 mo.

44 3639 87 3702 r:''
118 3643 217 3717 Negat
229 3638 285 3696 hoc
299 3648 397 3695 tamen
413 3634 543 3714 Sylvius,
559 3656 595 3694 eo
608 3637 690 3714 quod
703 3641 848 3716 porticula

52 3740 132 3797 saepe
143 3717 283 3777 assertive*
298 3728 434 3776 sumatur
443 3719 475 3777 in
491 3717 648 3798 Scripturu
662 3718 769 3781 Socrt.
