2152 4066
65 94 135 161 tto
444 110 648 165 rerumne

71 270 92 305 ¹¹
107 262 139 321 in
153 282 190 321 oo
202 262 341 341 peribit''
363 264 450 323 Retio
459 276 514 338 est,
530 267 611 344 qurlrl
620 266 674 344 qui
688 263 756 324 vult
766 265 830 324 tale
841 263 950 343 perleui

71 354 226 403 censeatur
237 343 314 402 velle
329 356 493 422 peccatum,
509 347 671 425 quodcum
684 346 738 404 illo
747 345 884 431 periculo
894 356 950 405 estu

68 422 209 501 junctum
221 442 230 483 z
244 425 288 483 eie
301 424 361 491 ille,
375 426 425 484 cui
439 427 642 503 vaniloquium
655 446 723 486 cum
733 426 838 504 puelle
846 436 891 485 est
902 446 950 504 per

71 503 133 563 lum
148 515 198 562 aut
223 504 340 564 ocoeeio
361 507 496 584 proximo
515 504 676 567 concensus
697 507 730 564 in
755 524 894 577 venereo,
917 524 950 584 pe

72 584 237 645 mortaliter
251 586 340 644 toties
353 586 472 664 quoties
489 587 580 647 lrabet
601 588 684 647 istud
698 587 911 664 vaniloquium
919 609 929 657 3
947 613 950 637 ‹

73 665 259 724 convincitur
274 666 350 724 velle
364 686 542 726 consensum
555 670 588 726 in
608 688 745 737 venerea,
768 670 825 744 qui
846 686 916 727 cum
938 686 950 724 r

73 745 176 827 loquio
188 742 399 824 conjungitur:
414 747 457 806 sic
471 750 559 806 etiam
573 766 712 807 excessus
731 748 810 806 levis
831 749 864 805 in
876 756 949 824 potu

73 825 214 892 mortalit,
233 827 258 884 s'l
272 827 310 885 eit
322 846 392 885 cum
406 827 543 904 periculo
563 828 700 907 prorlmo
716 828 859 906 gravium
883 828 950 884 rixa]

72 925 191 985 pugnae.
202 906 403 985 blasphemio,
419 919 476 966 etc.
896 914 901 932 ¹

74 1000 80 1011 '
115 986 266 1056 Similiter,
282 997 315 1045 ut
327 997 433 1047 notant
447 987 591 1060 Senclren,
608 990 736 1059 Neesen,
751 998 808 1047 eto
826 987 888 1055 ille,
904 986 950 1064 qui

74 1068 159 1126 beret
173 1065 358 1125 voluntatem
372 1067 486 1127 vitandi
501 1069 563 1128 solo
576 1070 722 1140 mortalia,
739 1080 770 1126 et
789 1068 877 1127 nulla
891 1084 950 1123 vent

74 1159 213 1225 peccaret
223 1148 386 1207 mortaliter
398 1148 513 1206 ratione
523 1149 649 1226 periculi
661 1149 791 1226 proximi
801 1172 811 1220 3
825 1149 900 1225 quio
910 1146 949 1204 tol

75 1228 131 1287 ult
155 1228 322 1298 committit,
347 1239 378 1285 et
398 1240 443 1287 eet
466 1229 498 1286 in
518 1230 653 1307 periculo
666 1231 806 1307 proximo
819 1224 950 1287 commin

75 1318 229 1388 pecatum
239 1326 332 1385 grove
344 1326 382 1366 ex
395 1309 544 1385 pronitate
557 1309 605 1368 vel
618 1309 841 1367 inadvertentia
855 1306 950 1383 culpal

121 1389 241 1449 Dictum
255 1399 311 1459 est,
323 1389 403 1465 “qui
420 1408 451 1447 se
464 1391 587 1485 exponit
596 1390 731 1467 pericuio
744 1389 889 1467 proximo
898 1386 946 1444 vel

76 1477 99 1515 ί*
110 1469 263 1547 pinque?
286 1469 358 1546 quia
381 1470 421 1527 ob
443 1470 611 1546 periculum
632 1480 793 1539 remotum,
818 1479 950 1527 octusnr

78 1548 229 1608 mortalis:
253 1548 438 1626 impossibile
459 1549 538 1607 enim
557 1561 603 1608 est
626 1561 740 1609 remota
753 1548 893 1627 pericula
907 1549 950 1605 evi

78 1631 143 1689 cum
156 1629 188 1686 in
203 1630 341 1687 omnibus
351 1631 441 1687 rebus
455 1640 485 1688 et
498 1649 536 1687 ne
559 1630 629 1688 otiis
642 1640 811 1689 occurrant.

77 1750 80 1759 ·
119 1710 168 1768 Do
180 1707 314 1787 periculo
326 1710 466 1787 proximo
476 1651 593 1788 profire
617 1708 719 1789 egitur
739 1712 770 1768 in
798 1710 946 1768 Tractetu

79 1796 100 1836 ·“
116 1788 322 1848 Paenitentia?
542 1800 547 1807 '

79 1951 122 2012 N.
152 1949 217 2010 16⁸.
261 1950 319 2008 DE
343 1950 589 2009 ΕΒΒΟΒΕΕΤ
616 1951 774 2011 DAMNO
802 1948 950 2008 FAClEl

250 2029 329 2092 BUS
351 2029 560 2093 MORTALE
583 2033 642 2091 DE
666 2030 868 2089 VENIALE.

82 2150 106 2210 l.
142 2150 260 2211 Veniat
275 2151 312 2223 fit
332 2149 491 2209 mortoleob
505 2148 694 2209 conscientiom
709 2169 864 2209 erroneam.
908 2149 948 2206 ll.

202 2250 251 2289 ms
260 2228 415 2306 practicus.
458 2229 517 2289 111.
531 2229 652 2287 Ratione
662 2228 756 2287 darnni
768 2227 908 2286 notabilis.

121 2347 145 2407 l.
160 2349 239 2409 PER
249 2367 378 2407 errorem
389 2347 439 2406 hlc
447 2348 626 2426 intelligitur
635 2346 813 2406 conscientia
824 2366 950 2415 erronea

81 2429 148 2508 quie
162 2431 348 2488 committens
368 2427 491 2504 aliquod
513 2440 668 2506 peccatum
691 2427 816 2494 veniale,
838 2439 928 2502 putat

81 2530 146 2569 esse
169 2509 312 2571 mortalet
340 2509 383 2567 sic
406 2508 467 2580 ille,
494 2509 580 2588 cujus
605 2507 785 2566 conscientia
808 2506 914 2576 dictat,
941 2527 950 2564 r

81 2589 269 2649 mendacium
280 2600 332 2648 eut
340 2590 454 2646 furtum
462 2589 640 2648 unlueeolidi
651 2608 714 2646 esee
724 2598 883 2665 peccatum
894 2608 950 2643 mor

81 2670 263 2739 mentiendo,
277 2681 329 2728 aut
338 2689 430 2727 unum
446 2670 573 2728 solidum
583 2667 720 2737 furando,
735 2677 840 2744 peccat
854 2678 950 2724 mortu

124 2751 185 2809 Hic
199 2750 342 2829 peccandi
356 2750 464 2808 modus
478 2751 617 2827 frequens
631 2759 676 2807 est
689 2749 721 2805 in
731 2747 858 2805 rudibus
869 2758 901 2804 et
914 2748 950 2804 sir

79 2830 168 2888 cibus
181 2831 361 2900 hominibus,
377 2850 503 2888 necnon
517 2831 547 2887 in
562 2830 671 2907 pueris.

125 2911 166 2967 ll.
180 2912 228 2968 De
242 2910 421 2968 conscientia
432 2911 618 2969 erronealau
629 2918 735 2987 agetur
746 2908 891 2966 Tractatu
902 2927 950 2984 seq

80 2991 116 3049 ti.
139 2991 263 3048 interinl
287 3010 371 3048 casus
393 2990 454 3049 huo
476 3002 611 3068 spectans
626 3000 671 3047 est
683 2988 751 3046 hic=
765 3007 841 3064 puer
856 2987 950 3046 decen

79 3086 189 3129 'norum
204 3069 360 3129 confitetur
374 3089 442 3128 curn
455 3071 562 3130 timore
576 3085 606 3128 et
619 3071 767 3128 anxietate
788 3088 820 3126 se
840 3088 907 3126 esse
920 3069 950 3125 fu

54 3184 56 3195 =
82 3151 258 3209 etfuratnm
272 3151 363 3208 semel
385 3146 480 3211 unum
500 3151 638 3221 solidum,
662 3151 774 3226 absque
798 3148 949 3206 intention

82 3232 166 3290 randi
187 3231 256 3308 plue

83 3344 87 3350 -
122 3309 325 3371 Confeeeariut
339 3320 439 3387 petet:
452 3331 490 3369 an
501 3321 589 3389 putas
599 3322 629 3368 te
643 3327 785 3386 magnum
800 3308 950 3366 malumfc

82 3403 112 3449 ct
125 3412 263 3468 peccasse
279 3390 464 3451 mortaliter?

81 3494 87 3505 .
124 3473 158 3529 R.
174 3474 268 3530 Puer:
284 3473 334 3538 ita,
346 3471 404 3529 feci
416 3490 557 3548 magnum
578 3468 704 3541 malum3
721 3469 772 3527 sed
791 3489 850 3526 non
868 3469 941 3539 scio,

82 3553 120 3610 sit
131 3565 285 3628 peccatum
296 3553 419 3610 mortale
429 3553 473 3610 vel
480 3553 603 3622 veniale,
613 3552 683 3627 quia
690 3569 844 3626 nunquam
851 3551 950 3608 hocau

123 3634 254 3693 Confess.
270 3639 319 3690 An
333 3633 454 3709 putasti,
477 3633 557 3710 quod
576 3648 700 3709 propter
715 3631 772 3688 hoc
787 3629 885 3687 solum
911 3631 950 3688 ire

76 3712 241 3785 infernum,
257 3724 287 3773 ct
301 3732 339 3771 un
351 3712 494 3792 judicasti
507 3710 950 3785 etiammnteuumnlururerim1

69 3817 186 3872 ornnes,
208 3796 266 3879 qui
281 3817 381 3859 unum
396 3794 530 3857 solidum
542 3793 701 3855 iurantur,
713 3788 789 3842 'roeo
809 3785 946 3840 neceam.

61 3883 238 3946 infernum

545 4006 632 4044 1⁹²⁸·-
