2160 4072
426 39 474 79 DF·
496 39 586 79 ”1⁰0¹
948 39 992 79 Ζῦ

47 180 199 241 amitteret
213 177 308 258 ¹quod
328 177 431 251 habet,
448 179 501 241 ‚vel
510 177 682 259 acquireret
701 178 787 258 quod
799 198 861 238 non
874 178 965 239 habet
975 204 986 252 ‚-

47 281 114 339 quae
127 259 267 321 similiter
287 258 546 338 imperfectionem
565 258 718 319 involvere
731 256 922 319 menifestum
936 270 991 321 eet.

86 341 162 420 Obj.
178 339 204 398 1.
218 342 305 401 Dens
317 339 352 399 in
365 338 520 417 Scriptura
532 359 616 401 sacra
629 340 740 401 dicitur
752 339 850 411 irasci,
863 341 989 419 paenite·

46 440 88 494 re,
102 424 159 481 &c
174 431 307 500 ergo'eat
326 420 488 482 mutabilia.

86 502 124 561 R.
146 501 227 579 Neg.
252 519 370 580 conseq.
395 500 465 580 quia
479 499 531 559 illa
552 499 695 561 dicuntur
719 500 758 561 de
782 501 849 560 Deo
872 509 989 561 tantum

46 580 263 661 metaphorice,
277 580 424 660 quatenus
437 580 551 641 scilicet
563 581 700 660 quaedam
714 580 785 661 egit,
806 601 873 658 quae
894 580 990 641 homi-

47 681 99 721 nea
112 661 186 722 irati
199 661 250 721 vel
261 663 438 740 prenitentes
451 673 593 740 agerent:
606 661 650 721 sic
663 661 751 723 irasci
771 662 892 733 dicitur,
915 661 989 721 dum

48 742 145 820 punit,
159 741 211 801 vel
220 742 368 814 minatur;
383 754 414 801 et
427 743 469 802 sic
482 743 521 802 de
535 741 656 802 caterio.

88 823 162 902 Obj.
178 824 224 883 11.
239 823 323 883 Deua
336 822 487 882 hominem
499 833 685 902 peccatorem
698 822 771 894 odit,
786 842 876 902 quem
887 823 990 902 postet

49 902 245 981 justificatum
253 913 352 963 amat:
366 923 446 981 ergo
463 907 518 964 &e

10 1012 15 1023 =
89 984 124 1043 B„
140 985 221 1043 Tota
233 983 285 1043 iila
297 983 423 1043 mutatio
436 985 524 1043 estin
538 984 667 1056 homine,
681 980 788 1043 nonin
801 983 889 1057 De0;
904 984 991 1044 Deus

53 1063 130 1121 enim
143 1084 206 1123 uno
217 1064 383 1142 eodemque
396 1064 613 1144 simplicissimo
625 1075 694 1124 actu
709 1064 785 1140 (non
795 1085 848 1142 per
857 1065 991 1125 diversos

53 1146 148 1223 actus)
162 1154 350 1223 peccatorem
364 1144 436 1216 odit,
455 1156 485 1204 et
495 1146 611 1225 justum
624 1145 741 1223 diligit:
766 1144 855 1205 sicuti
876 1145 921 1204 sol
934 1147 989 1204 aui

54 1223 185 1285 claritate
197 1224 348 1285 illuminat
360 1225 512 1304 objectum
525 1227 617 1287 radiis
630 1226 692 1285 auis
706 1225 874 1304 expositum
888 1237 919 1286 et
931 1226 989 1287 eie·

54 1303 120 1362 dem
131 1306 320 1365 subtractum
333 1324 394 1364 non
411 1306 569 1366 illuminat

91 1385 164 1464 Obj.
179 1385 241 1445 111.
255 1386 341 1445 Deua
354 1386 481 1446 mutavit
493 1387 649 1448 decretum
667 1386 706 1446 de
719 1386 919 1445 subvertenda
934 1384 989 1446 Ni·

57 1464 139 1525 nive:
149 1485 231 1544 ‚ergo
246 1467 304 1525 Dei
318 1466 455 1526 voluntas
468 1479 610 1527 mutatur.

91 1544 126 1602 R„
140 1548 221 1623 Neg.
236 1547 370 1605 anteced.
385 1547 455 1625 quie
466 1548 620 1608 decretum
633 1546 716 1606 istud
728 1566 789 1605 non
802 1546 862 1605 fuit
870 1547 989 1607 absolu·

22 1624 25 1629 ’
55 1635 126 1696 tum,
149 1626 462 1698 eedconditionatum,
486 1628 604 1709 nempe,
628 1628 685 1686 nisi
695 1627 902 1706 poenitentiam
913 1627 989 1707 egis·

58 1716 128 1766 tent.

78 1785 209 1866 0bj.1v.
219 1788 352 1846 Verbum
363 1787 499 1847 divinum
513 1788 603 1868 coepit
616 1807 679 1848 ease
692 1790 782 1848 homo
795 1789 826 1847 in
839 1797 974 1869 tempore
989 1848 991 1855 ,

55 1884 122 1944 ergo
135 1878 182 1927 eat
197 1879 355 1927 mutatum.

91 1946 127 2005 R.
141 1947 213 2007 diet.
228 1958 324 2009 antec.
339 1948 431 2027 coepit
440 1968 506 2007 esse
515 1947 606 2008 homo
615 1948 788 2027 recipiendo
802 1947 833 2006 in
841 1968 872 2006 se
885 1948 990 2006 huma·

55 2025 176 2087 nitatem
188 2047 244 2106 per
256 2029 379 2087 modum
394 2029 532 2108 subjecti,
547 2049 626 2107 nego
636 2041 742 2101 antec3
758 2039 792 2088 ut
802 2029 991 2107 suppositum

47 2108 216 2168 'terminans
238 2108 400 2169 humanam
425 2120 573 2182 naturam,
603 2130 669 2169 eam
690 2108 882 2187 perficiendo,
904 2110 992 2187 eique

58 2188 294 2262 personalitatem
307 2209 393 2248 auam
405 2189 574 2261 tribuendo,
589 2210 671 2250 conc.
683 2202 778 2249 antec.
817 2191 935 2249 Mutata
946 2200 991 2249 est

58 2265 153 2346 itaque
166 2269 346 2338 humanitas,
361 2280 392 2329 et
405 2271 528 2347 quidem
541 2270 573 2328 in
586 2270 702 2340 melina,
715 2270 787 2329 dum
800 2270 819 2328 ai
834 2270 934 2331 Verbo
947 2290 994 2328 na-

60 2360 174 2427 sumpta
186 2360 252 2421 est;
276 2361 308 2407 at
322 2351 455 2408 Verbum
466 2351 508 2408 nii
523 2351 595 2409 novi
608 2350 776 2428 acquisivit,
791 2349 858 2408 cim
873 2370 991 2409 omnem

59 2424 247 2489 humanitatis
259 2430 472 2507 perfectionem
487 2431 651 2490 eminenter
665 2432 839 2491 contineret.

95 2509 169 2587 Obj.
184 2511 224 2568 V.
247 2512 332 2569 Deus
345 2512 459 2569 creavit
471 2510 623 2571 mundum
636 2511 668 2568 in
683 2524 819 2588 tempore
827 2533 838 2580 ,-
865 2529 939 2587 ergo
953 2509 994 2568 de

60 2606 112 2646 non
122 2602 267 2666 operante
282 2589 380 2650 factus
400 2603 446 2649 est
459 2612 594 2670 operans.

83 2667 116 2726 R.
131 2671 164 2727 N
165 2690 213 2748 eg.
227 2682 344 2748 conseq.
359 2673 441 2729 Deus
451 2672 530 2731 enim
539 2671 651 2731 creavit
657 2671 805 2737 mundum
817 2689 872 2748 per
885 2680 995 2741 actum,

63 2749 151 2824 quiin
166 2750 234 2827 ipso
247 2763 293 2810 est
305 2753 343 2808 ab
356 2763 476 2823 aeterno,
490 2772 550 2829 quo
563 2752 704 2811 nimirum
717 2754 755 2810 ab
768 2761 879 2810 aeterno
892 2751 997 2824 voluit,

10 2828 22 2844 '¹
63 2839 91 2887 ut
101 2830 243 2889 muudud
258 2830 398 2891 existeret
420 2834 473 2893 tali
487 2844 631 2911 tempore.
673 2832 790 2892 Creatio
811 2830 913 2910 itaque
936 2852 996 2890 non

44 2932 47 2937 ·
63 2910 141 2984 ponit
153 2930 268 2969 novum
281 2922 381 2970 actum
395 2913 427 2969 in
442 2913 518 2982 Deo,
540 2913 593 2971 aed
606 2913 724 2971 tantum
738 2912 885 2989 significat
898 2923 995 2972 exter-

62 3006 123 3047 nam
135 2991 377 3050 terminationem
392 3003 422 3050 et
438 2991 717 3051 denominationem.

19 3116 29 3129 .
84 3069 133 3129 Sic
141 3071 236 3129 etiam
248 3071 358 3145 dicitur
369 3073 454 3131 Deus
462 3073 594 3150 incipere
604 3093 701 3150 agere,
716 3091 776 3130 non
786 3072 899 3131 ratione
912 3091 997 3130 novae

22 3152 29 3197 '-
65 3149 191 3222 sedenim
213 3152 266 3210 ted
280 3153 396 3211 ratione
418 3153 488 3211 novi
502 3151 632 3222 effectius,
658 3153 711 3230 qui
726 3153 861 3228 sequitur
874 3153 906 3209 in
919 3162 994 3210 tem·

65 3246 127 3305 pore
136 3231 304 3290 secundim
314 3232 537 3310 dispositionem
544 3232 705 3292 voluntatis
715 3232 824 3293 divina
831 3233 870 3291 ab
879 3243 999 3291 aeterno.

26 3369 32 3375 ,
97 3311 170 3390 Obj.
192 3311 247 3369 vl.
262 3313 347 3371 Deus
361 3325 406 3371 est
418 3314 515 3381 liber:
537 3334 609 3390 ergo
619 3324 718 3392 potest
731 3313 768 3371 de
781 3333 860 3371 novo
884 3311 999 3388 aliquid

29 3416 36 3439 .·
67 3389 143 3463 velie,
158 3391 243 3467 quod
255 3411 316 3449 uon
328 3393 424 3452 voluit
436 3397 473 3452 ab
488 3404 607 3463 aetemo,
622 3393 755 3470 adeoque
768 3391 885 3451 mutari.

99 3472 133 3531 R.
149 3472 241 3548 Nego
254 3491 372 3547 conseq.
389 3474 476 3532 Ratio
488 3486 543 3543 est,
557 3473 639 3550 quud
652 3494 713 3532 non
726 3473 765 3531 sit
779 3472 897 3535 defectu
910 3473 999 3533 liber-

68 3548 136 3624 atis,
151 3551 256 3611 Deum
264 3551 310 3611 nil
319 3553 397 3612 velle
405 3553 443 3612 de
451 3573 530 3614 novo
540 3578 550 3626 3
565 3553 618 3613 aed
631 3554 702 3630 quia
714 3563 764 3612 eat·
769 3552 1002 3630 perfectissimus

71 3629 112 3707 (pi
121 3632 162 3693 ab
174 3641 289 3693 aterno
301 3634 402 3693 omnia
414 3635 564 3713 cognovit,
587 3653 652 3714 quae
665 3635 764 3695 facere
774 3632 924 3707 decreuit,
935 3633 1012 3693 adei)

71 3720 96 3769 ut
106 3712 188 3771 nulla
200 3733 279 3770 nova
291 3715 367 3772 ratio
380 3728 543 3796 suppetere
549 3718 661 3797 possit,
677 3737 774 3799 quare
787 3715 873 3777 veiie
883 3715 1034 3795 incipiat,

64 3790 133 3859 qood
141 3790 243 3848 noluit
253 3793 294 3850 ab
310 3803 432 3856 aeteruo.
