2152 4066
376 91 613 139 mtruccarts.
777 40 781 45 Ι
893 78 959 143 325

11 236 187 307 arbitrium,
202 247 232 297 et
241 237 283 297 ita
296 242 375 299 certo
389 250 433 299 est
446 239 555 299 dDeoz
584 241 711 301 alterum
722 250 767 300 est
776 237 840 318 ips'a
852 254 958 320 poten·

13 316 60 377 fia
73 328 111 377 ut
125 317 274 389 deficiens,
288 339 341 378 seu
362 330 397 378 ut
409 321 512 378 dicens
532 320 665 379 ordinem
680 321 718 379 ad
732 321 927 399 deficiendum
942 326 958 382 1

17 415 74 457 aua
85 398 201 476 regule,
216 409 245 457 et
256 409 289 456 ut
303 399 345 457 sio
356 411 472 458 nonest
486 402 501 456 1
517 401 592 468 Deo,
598 401 650 458 sed
660 403 754 460 oritur
767 421 805 461 ex
818 415 959 462 creatura

18 474 255 557 imperfectione,
267 499 333 556 quae
347 479 523 558 inquanthm
537 490 632 539 estex
645 481 749 552 nihilo,
763 502 801 540 ex
813 502 845 541 se
859 482 968 554 habet·

20 559 102 634 quod
116 559 243 618 delicere
255 559 349 637 possit
362 580 414 618 seu
427 579 557 638 peccare.

102 719 145 778 N.
162 724 228 788 129.
270 716 328 777 DE
350 720 519 779 ERRORE
542 719 878 782 HAERETICORUM.

28 875 50 934 1.
62 877 158 937 Error
184 877 382 949 haereticorum,
424 876 467 936 II.
503 879 679 958 Confutatar.
722 881 782 940 III.
816 881 893 940 Loca
928 884 959 942 S.

58 957 210 1035 Scriptura
223 956 367 1016 solvuntur
379 966 497 1036 quatuor
511 961 607 1018 modis:
649 960 704 1018 IV.
719 959 826 1037 Nempe
837 978 887 1038 per
892 982 960 1039 per-

32 1035 226 1106 -raiast'onem,
267 1037 303 1095 V.
319 1037 378 1094 Per
388 1037 492 1114 gratia
503 1037 718 1116 denegationem,
762 1038 813 1097 VI.
831 1039 960 1098 Occasio-

10 1142 15 1178 ;
59 1114 175 1186 naliter,
217 1115 287 1173 VII.
322 1116 507 1175 Gubernando
539 1117 627 1174 mahts
655 1119 815 1178 aohmtates.
868 1120 960 1182 VIII.

56 1193 159 1272 Aliqui
172 1203 265 1254 tentus
280 1204 368 1274 agant
387 1196 421 1253 de
432 1195 504 1254 malo
510 1215 609 1274 pana.

58 1351 86 1410 1.
103 1350 225 1414 VARII
235 1353 468 1414 hoeretIciDeum
480 1353 580 1431 aliquo
592 1373 680 1413 sensu
693 1355 828 1427 fecerunt
842 1374 960 1414 oausam

17 1434 150 1506 peccati,
175 1445 207 1493 ut
228 1435 330 1493 Simon
354 1437 472 1512 Magus,
499 1435 691 1506 Marcionita,
717 1435 883 1505 Manichmi,
903 1446 959 1494 eto.

16 1511 182 1590 Zuinglius
199 1525 308 1584 autem,
323 1515 411 1585 Beue,
432 1514 573 1573 Calvinus
587 1514 695 1592 aliique
710 1517 885 1574 recentiores
899 1515 959 1573 hae.

10 1591 115 1662 retici,
131 1614 310 1673 quamquam
333 1593 433 1653 dicant
446 1596 544 1652 Deum
569 1614 630 1652 non
643 1614 729 1672 posse
750 1615 882 1672 peccare,
903 1614 959 1653 neo

10 1676 186 1748 peccatam
196 1677 294 1734 Deum
303 1687 443 1753 tanquam
454 1674 607 1732 authorem
618 1695 680 1734 esse
690 1674 855 1746 referenda,
869 1676 900 1733 in
913 1673 958 1733 rei

10 1760 121 1810 tamen
136 1755 269 1826 veritate,
297 1757 395 1814 Deum
420 1755 533 1813 faciunt
556 1756 669 1832 peccati
696 1755 849 1813 authorem
861 1779 870 1827 ς
892 1755 958 1812 oiim

10 1830 132 1904 dicant,
149 1835 229 1912 quod
243 1838 327 1894 Deus
341 1836 525 1905 determinet,
539 1834 696 1892 necessitet
714 1854 749 1893 ac
761 1834 885 1892 inducat
908 1854 959 1892 vo·

10 1909 153 1972 luntates
175 1916 328 1975 hominum
342 1915 382 1973 ad
402 1914 525 1973 formale
544 1915 657 1990 peccati
666 1937 676 1985 ;
701 1934 767 1993 quae
780 1915 877 1972 omnia
889 1914 959 1971 hor-

10 1993 145 2051 rendam
158 1994 190 2053 in
204 1997 302 2055 Deum
314 1994 527 2072 blasphemiam
542 1993 701 2052 oontinent.

59 2072 105 2133 II.
123 2076 232 2134 Contra
240 2075 294 2135 hos
304 2095 405 2134 omnes
415 2075 474 2133 fide
483 2084 595 2132 certum
604 2082 657 2142 est,
668 2075 767 2132 Deum
777 2073 862 2132 nullo
872 2073 960 2131 modo

14 2171 86 2210 esse
99 2154 253 2214 authorem
267 2166 319 2214 aut
328 2175 444 2214 oausam
458 2154 588 2231 peccati3
609 2153 717 2212 veritas
730 2153 794 2211 haeo
807 2153 960 2211 evidenter

18 2242 105 2309 patet
118 2253 156 2291 ex
179 2236 226 2293 his
241 2234 501 2314 Scripturaeloois;
533 2235 580 2291 Ps.
591 2242 620 2293 5.
635 2252 663 2289 v.
678 2241 706 2293 5.
746 2239 767 2268 “
783 2235 852 2290 Non
876 2233 960 2290 Deus

20 2318 40 2345 ‘³
56 2312 162 2374 volens
175 2316 360 2393 iniquitatem
371 2324 405 2373 tu
419 2334 449 2372 es
458 2334 466 2370 ε
475 2313 490 2335 ''
522 2311 614 2371 Eocli.
629 2331 693 2391 cap.
710 2320 756 2373 15.
767 2332 797 2370 v.
811 2321 859 2371 21.
871 2319 891 2346 “
901 2314 962 2370 Ne·

20 2392 133 2452 “mini
148 2396 298 2454 mandavit
311 2395 401 2472 impie
421 2412 509 2470 agere
519 2396 551 2451 :’'
577 2391 616 2450 ad
630 2393 714 2451 Rom.
740 2413 804 2471 cap.
826 2401 854 2461 9.
869 2412 897 2449 v.
914 2399 960 2449 14.

21 2479 42 2506 “
58 2473 218 2552 Numquid
226 2476 365 2554 iniquitas
379 2473 460 2552 apud
472 2475 593 2532 Deum?
609 2472 711 2530 absit.''
723 2473 764 2530 Et
777 2473 832 2533 Jac
854 2491 920 2547 cap.
933 2481 960 2531 1.

21 2573 50 2612 v.
77 2561 125 2613 13.
167 2562 187 2588 “
197 2557 302 2626 Nemo,
324 2557 387 2614 ohm
414 2563 554 2622 tentatur,
582 2552 670 2621 dicat,
695 2551 833 2629 quoniam
853 2552 870 2609 a
894 2552 961 2608 Deo

22 2639 43 2667 “
57 2642 192 2692 tentatur
207 2657 215 2694 r
228 2638 312 2695 Deus
325 2634 404 2694 enim
414 2634 573 2691 intentator
585 2631 730 2689 malorum
744 2634 814 2690 est.”

63 2711 148 2771 Hinc
163 2715 302 2792 Synodus
313 2714 394 2774 Trid.
410 2716 485 2772 Sess.
497 2711 525 2773 6.
540 2714 611 2771 Can.
622 2711 651 2771 6.
665 2710 739 2770 dicit
751 2710 906 2769 anathema
918 2711 963 2768 illi

25 2790 79 2868 qui
93 2791 212 2866 dixerit,
239 2802 259 2830 “
269 2795 351 2854 Mala
362 2814 451 2872 opera
460 2794 510 2862 ita,
521 2803 554 2851 ut
565 2793 754 2860 bona,Deum
763 2791 888 2868 operari,
902 2811 963 2849 non

26 2876 44 2905 ‘⁶
60 2873 233 2948 permissive
246 2875 347 2946 solum,
362 2874 414 2933 sed
427 2871 545 2951 proprie
557 2871 645 2929 etiam
657 2882 686 2930 et
699 2891 752 2949 per
766 2874 823 2930 se.''

67 2951 148 3011 Loca
162 2955 213 3015 SS.
226 2956 346 3014 Petrum
357 2957 387 3014 in
396 2954 472 3012 hanc
485 2972 549 3012 rem
558 2951 653 3010 videri
666 2961 790 3030 possunt
801 2950 884 3030 apud
897 2949 965 3028 syl.

27 3029 119 3102 vium,
141 3035 278 3112 Wiggers
288 3035 430 3113 aliosque.

67 3110 130 3172 III.
145 3111 302 3195 Ohjiciont
314 3126 413 3176 tamen
426 3111 556 3172 haretici
567 3110 648 3170 varia
659 3110 820 3188 Scripturae
833 3110 907 3180 loca,
929 3121 964 3169 ut

31 3196 57 3248 2.
70 3191 145 3272 Reg.
161 3215 225 3274 cap.
243 3196 288 3256 16.
303 3217 333 3256 v.
349 3204 394 3255 10.
429 3202 450 3228 “
463 3193 610 3252 Dominus
623 3191 765 3269 pracepit
775 3191 802 3248 ei
810 3192 826 3212 ''
838 3189 965 3268 (Sernei)

34 3274 51 3301 “
62 3279 98 3328 ut
105 3275 296 3335 malediceret
310 3276 409 3335 David
419 3278 452 3334 t''
478 3272 554 3332 Psal.
568 3279 635 3331 104.
649 3291 677 3331 v.
693 3278 742 3330 25.
783 3268 966 3329 “Convertit

34 3355 51 3382 ‘⁸
62 3369 115 3412 eor
123 3375 234 3428 eorum,
249 3367 283 3415 ut
296 3357 414 3416 odirent
425 3353 570 3434 populum
584 3352 648 3430 ejus
661 3352 694 3412 :''
705 3349 745 3408 ad
760 3349 846 3409 Rom.
862 3368 926 3425 cap.
938 3357 965 3406 1.

34 3447 56 3486 1.
80 3439 130 3494 28.
159 3437 328 3498 “Tradidit
347 3437 413 3496 illos
429 3437 513 3493 Deus
527 3433 557 3489 in
569 3432 730 3508 reprobum
742 3447 857 3488 sensum
868 3453 877 3491 t
888 3431 904 3451 ''
935 3435 964 3485 3.

34 3508 104 3588 Reg.
120 3496 184 3595 cip.
195 3526 243 3578 22.
257 3537 286 3575 v.
300 3526 349 3578 23.
371 3526 391 3551 “
405 3515 498 3575 Dedit
512 3511 659 3570 Dominus
674 3508 811 3588 spiritum
821 3506 968 3567 mendacii

33 3595 49 3622 “
61 3589 96 3656 in
105 3618 157 3656 ore
170 3598 299 3656 omniurn
316 3594 558 3676 Prophetarum.''

67 3685 107 3742 11.
118 3681 194 3738 Haec
202 3687 231 3736 et
241 3678 346 3738 similia
353 3678 419 3738 loca
429 3678 460 3736 S.
472 3672 631 3751 Scriptura
642 3680 673 3730 et
680 3669 768 3730 etiam
779 3668 830 3728 SS·
844 3669 967 3726 Petrum

21 3758 133 3894 exponi
133 3769 263 3834 possunt
277 3759 367 3819 variis
376 3758 484 3834 modia,
496 3753 650 3839 precipue
661 3773 725 3815 uno
735 3748 834 3812 eilias
841 3758 989 3827 qustum·

78 3842 151 3896 raet.
167 3835 362 3900 depereatis.
532 3844 583 3900 21
