2152 4066
212 142 216 147 .
278 104 522 151 neraccarrs.
764 72 870 161 ’πθ

50 249 187 327 Decslogi
208 261 376 329 pracepto3
405 258 427 291 “
441 253 512 311 Non
531 268 662 311 munros
681 266 791 311 nomen
805 250 869 312 Do-

50 329 103 389 Dei
115 331 161 391 tui
174 332 206 390 in
216 333 353 400 vanum-'f
630 342 633 349 '

50 431 71 470 ,e
83 411 173 471 etiam
185 412 292 490 regula
304 422 350 471 est
364 411 539 490 adaquatum
554 410 627 491 quia
638 418 795 489 moestum
814 430 870 491 po-

50 511 162 568 ngnare
181 490 320 570 pluribus
332 492 501 571 praeceptis,
521 503 551 553 et
563 503 667 574 tamen
675 510 737 551 nou
760 489 870 555 habere

50 571 163 633 nalitiaa
171 573 272 651 specie
282 572 456 645 distinctam
471 573 497 633 si
507 572 649 633 nimirum
657 570 709 632 illa
720 583 870 653 precepta

50 670 78 709 m
92 653 205 712 motivo
216 653 336 712 formali
359 654 420 712 sint
432 652 494 713 lata
500 674 511 723 ;
538 651 610 723 hinc
629 651 756 723 furtum,
786 653 870 731 quod

50 741 100 792 tur
122 732 190 811 legs
200 735 338 805 naturali,
353 733 455 794 divini
479 732 665 803 etbunrrnd,
677 731 749 793 inde
767 743 869 795 umen

50 824 87 872 »et
106 813 260 873 distinctas
272 814 408 874 malitias.

50 893 112 953 lctis
127 893 295 965 deducitur,
318 894 400 973 quod
413 891 616 955 inobedientia
627 890 785 971 generalis,
799 913 868 972 quar

50 975 101 1033 nn'i
116 974 193 1054 legia
206 975 451 1053 transgressione,
478 994 539 1033 non
551 973 643 1033 faciat
655 972 784 1052 speciale
795 992 868 1052 pec-
914 1005 917 1009 ·

50 1053 222 1126 listinctum,
248 1057 301 1115 sed
315 1075 350 1115 ea
366 1054 482 1115 tantum
496 1074 563 1133 quas
575 1064 622 1114 est
635 1053 781 1133 specialis,
805 1054 869 1133 qui

50 1154 63 1192 u
90 1135 158 1213 quis
183 1146 367 1214 preceptum
391 1134 559 1213 Superioris
584 1133 805 1213 transgreditur
830 1155 870 1197 ex

50 1224 97 1292 stu
108 1215 224 1275 formali
238 1215 381 1295 praecepti
396 1216 443 1276 vel
457 1214 666 1294 praecipientis

52 1295 190 1356 educitur
200 1297 299 1368 edam,
314 1296 394 1375 qubd
406 1295 526 1357 omissio
538 1295 622 1355 Sacri
631 1294 683 1354 die
694 1294 786 1355 Festo
792 1293 868 1355 inci·

50 1394 67 1432 n
82 1375 280 1448 Dominicam,
306 1379 344 1437 sit
365 1372 479 1437 tantdrn
494 1394 589 1437 unum
601 1385 778 1453 peceatum
799 1376 871 1455 quia

50 1466 72 1595 tlt
88 1456 177 1534 plura
190 1467 349 1537 praecepta,
374 1466 445 1518 sunt
457 1467 559 1516 tamen
582 1475 619 1515 ex
639 1455 744 1515 eodem
757 1455 870 1516 motivo

70 1547 126 1595 ata.

58 1627 104 1676 est
116 1618 155 1677 de
168 1617 327 1678 violatione
336 1617 446 1697 jejunii
467 1618 607 1687 Sabbato,
634 1636 663 1676 r.
684 1636 715 1694 g.
740 1627 868 1694 quatuor

50 1716 118 1768 um,
139 1698 288 1758 incidente
301 1699 333 1758 in
354 1698 621 1776 Quadragesimam
640 1708 694 1756 aut
717 1695 870 1776 Vigilianr,

50 1787 165 1837 unatur.

50 1857 181 1936 :aliquin
206 1878 267 1919 non
281 1860 378 1921 videri
395 1860 452 1919 ista
464 1868 614 1940 praecepta
627 1878 665 1917 ex
686 1857 791 1917 eodem
804 1877 869 1917 mo·

50 1938 130 1997 rnrali
153 1939 214 1999 lata
226 1963 236 2012 ;
265 1942 336 2020 quia
359 1941 508 2022 jejunium
533 1948 662 2019 quatuor
685 1938 868 2016 Temporum

50 2038 106 2076 :um
119 2030 164 2079 est
185 2041 223 2079 ex
247 2022 367 2100 speciali
379 2023 494 2080 motivo
510 2018 683 2097 Religionis,
710 2019 750 2077 ad
774 2019 870 2098 impe-

50 2099 187 2178 ndignos
209 2103 350 2162 Ecclesiae
372 2101 525 2162 Ministros
535 2124 545 2174 ;
573 2112 604 2159 et
620 2096 770 2180 jejunium
788 2100 871 2172 Qua-

50 2178 119 2238 nale
139 2185 255 2240 tantum
277 2196 461 2262 praeceptum
483 2192 529 2241 est
552 2201 589 2240 ex
608 2179 722 2238 motivo
748 2177 868 2239 virtutis

50 2260 124 2319 nrtin
136 2285 146 2333 3
161 2262 295 2321 similiter
306 2263 369 2324 dies
384 2263 465 2324 Festi
479 2259 689 2322 suntinstituti
698 2278 736 2318 ex
746 2257 868 2338 speciali

50 2340 215 2400 honorandi
229 2343 362 2413 Sanctus,
375 2343 489 2402 nonita
498 2341 658 2402 Dominici.

50 2421 64 2479 i
78 2420 241 2481 videndum
251 2443 290 2480 an
302 2424 392 2502 plura
400 2433 548 2502 precepta
560 2423 620 2482 sint
633 2440 670 2480 ex
684 2419 789 2479 eodem
800 2438 864 2477 mo-

50 2501 123 2560 ·mali
135 2502 204 2572 lata,
218 2522 279 2562 non
291 2514 353 2562 tam
366 2504 480 2564 attendi
490 2505 581 2563 debet
603 2502 642 2561 ad
655 2500 768 2561 motiva
784 2517 866 2578 qnar-

50 2582 170 2641 rinsecs
182 2593 212 2642 et
226 2584 410 2655 secundaria,
424 2604 459 2644 sc
470 2584 555 2662 quasi
565 2580 767 2648 occasionalis,
776 2581 868 2657 quim

50 2682 86 2720 va
95 2665 231 2740 proxima
241 2677 272 2724 et
281 2665 452 2736 intrinseea;
460 2665 524 2745 jam
534 2674 633 2723 autem
643 2672 706 2721 tam
716 2658 868 2739 jejunium

72 2752 251 2821 temporum,
281 2745 371 2823 quim
396 2741 662 2824 Quadragesimals
681 2748 867 2821 preceptum

50 2822 135 2881 odem
149 2825 263 2884 motivo
275 2826 411 2903 proximo
424 2837 455 2886 et
472 2826 633 2885 intrinseco
656 2817 863 2883 macerationis

50 2903 184 2962 ucetiam
194 2915 256 2963 tam
270 2905 334 2965 dies
348 2908 438 2976 Festi,
454 2926 544 2984 quarn
555 2903 707 2963 Dominici
714 2901 868 2981 precipue

63 2992 132 3042 aunt
146 2984 185 3043 ad
199 2985 401 3046 exhibendum
413 2989 480 3046 Deo
493 2985 609 3046 cultum
622 2983 757 3042 debitum
770 3004 778 3052 ;
792 3000 866 3057 ergo

50 3075 138 3142 cepta
150 3084 211 3123 non
224 3078 351 3143 possunt
362 3067 494 3145 reputari
504 3087 540 3125 ex
551 3065 669 3124 diverso
682 3063 793 3121 motivo
798 3061 866 3119 ,for-

50 3166 77 3216 a,
104 3144 174 3204 licet
188 3164 255 3204 cum
271 3167 332 3206 uno
356 3147 487 3226 ipsorum
512 3144 635 3224 aliquod
655 3143 801 3201 motivum
815 3159 866 3199 ex·

50 3245 89 3300 rm
102 3234 134 3284 et
148 3226 357 3286 secundarium
377 3239 544 3299 concurrat,
569 3224 651 3304 quod
668 3242 731 3283 non
745 3222 869 3283 concur·

60 3305 162 3364 altero.

49 3386 138 3445 altem
163 3386 214 3446 illu
233 3388 322 3465 plura
345 3398 495 3467 praecepta
514 3383 731 3452 concurrentia,
743 3391 779 3441 ut
800 3380 865 3439 dies

50 3484 109 3525 urm
129 3467 298 3542 Dominieo,
321 3488 384 3528 non
396 3469 513 3529 faciunt
524 3477 680 3546 peccatum
692 3460 864 3523 notabiliter

50 3626 166 3686 firmant
177 3630 333 3688 Tannerus
340 3640 369 3688 et
379 3628 528 3690 Pauwels:
541 3628 641 3687 verbm
652 3622 784 3704 Sylvius,
799 3620 863 3681 Sal-

50 3726 117 3767 naes
126 3718 156 3767 et
166 3707 216 3767 alii
225 3709 361 3789 plerique
374 3709 555 3788 probabilius
565 3717 693 3788 negante
713 3722 774 3765 uon
784 3718 865 3761 anun

50 3798 209 3865 peccatum
219 3789 290 3852 inde
303 3791 473 3850 notabiliter
483 3788 597 3868 augeri,
609 3787 692 3868 quid
701 3787 770 3865 quis
777 3781 865 3860 plura

63 3867 187 3927 rationis
202 3882 354 3952 precepta
369 3869 616 3953 transgrediatur.
