2160 4072
393 111 439 155 nn
462 109 634 154 arcearis.
916 93 982 162 837

53 250 416 323 tv11.R.s.Th0m.1
430 267 515 335 parte
530 265 634 335 quaest
651 263 716 317 100.
727 264 821 316 artss.
833 258 982 360 negativi3

122 355 186 394 non
199 335 270 414 plus
283 337 472 415 perfectionis
482 346 527 394 est
539 335 732 395 tribuendum
742 339 878 432 posteris,
893 339 985 431 quarn

91 414 215 508 ’ῥάκη
226 427 257 474 et
269 417 346 489 ideo,
362 417 438 476 sicut
453 416 550 476 Adam
564 416 716 493 peccando
729 418 826 478 amisit
836 418 985 494 justitiam

74 572 83 585 ·
166 515 227 569 em,
248 497 289 556 ita
302 518 366 557 eam
380 497 491 575 posteri
509 516 564 576 per
579 517 631 555 sua
648 506 770 577 peccata
783 499 918 559 omittere
930 519 984 577 po

153 585 176 637 t.

63 733 160 794 aad.
205 737 263 796 DE
285 738 414 797 MODO
431 737 1000 799 PROPAGATIONIS‘PECCATL

385 816 650 878 0R1G1NAL1S,
678 868 682 874 .
755 858 758 863 -

179 977 205 1035 1.
220 975 325 1034 Modus
333 978 554 1054 propagationis
565 976 674 1055 peccati
687 978 847 1056 originalis.

72 1135 249 1204 MODUS‚
262 1156 322 1230 quo
334 1146 489 1213 peccatum
504 1135 650 1214 originale
662 1136 693 1194 in
709 1149 843 1214 posteros
857 1139 988 1199 traduci-

53 1232 99 1286 tr,
111 1235 234 1293 semper
248 1217 329 1275 visus
337 1226 382 1274 est
393 1218 422 1279 S
436 1219 607 1294 Augustino
618 1217 766 1293 explicatu
778 1219 988 1292 difficillimus,-

53 1302 69 1353 t
84 1306 250 1390 propterea
262 1316 318 1374 pro
331 1297 453 1374 aliquali
469 1297 665 1375 explicatione
675 1298 821 1355 multum'
812 1299 870 1375 ipsi
884 1301 991 1359 arrise-

53 1384 78 1435 t
93 1377 245 1435 sententia
257 1377 317 1449 illa,
339 1398 405 1455 qua
427 1377 499 1436 dicit
519 1378 631 1435 animas
651 1376 796 1436 humanas
817 1379 934 1439 traduci
949 1400 986 1440 ax

53 1454 144 1515 nima
157 1456 277 1528 Adami,
293 1457 370 1517 sicut
384 1478 491 1534 corpus
502 1457 670 1516 traducitur
683 1477 720 1516 ex
734 1477 867 1535 corpore.

79 1537 202 1595 Verrim
216 1547 296 1596 certa
318 1556 397 1596 nunc
410 1549 456 1596 est
475 1539 629 1607 sententia,
651 1537 778 1595 animam
801 1539 991 1599 infundendo

53 1617 149 1687 teari,
164 1627 195 1676 et
208 1617 336 1677 creando
345 1617 474 1688 infundi,
489 1629 524 1676 ut
536 1618 670 1694 loquitur
685 1618 876 1679 Innocentius
887 1620 968 1679 lll.'
959 1641 992 1680 ιιι

53 1698 93 1755 'm
109 1705 159 1757 50.
202 1698 281 1757 Vide
301 1697 380 1756 dicta
395 1709 421 1757 1.
435 1709 510 1776 part
529 1699 616 1756 Num.
629 1705 679 1768 93.

85 1777 255 1837 Difficultas
264 1778 365 1856 itaque
376 1780 407 1837 iu
421 1799 456 1837 eo
470 1778 613 1846 consistit,
629 1779 778 1856 quomodo
790 1779 897 1851 anima,
912 1801 990 1858 quas,

53 1859 226 1931 ιιιιειιιει
247 1860 315 1918 Deo
334 1871 460 1929 creatur,
474 1879 551 1937 pura
565 1868 609 1916 est
631 1869 661 1916 et
684 1861 796 1937 absque
809 1871 944 1956 peceato,
956 1883 992 1921 eo

53 1950 187 2077 mque
197 1939 315 2017 corpori
327 1939 440 2012 unitur,
455 1939 610 1998 contrahat
621 1938 769 1997 maculam
778 1941 892 2017 peccati
902 1942 994 2019 origi-

90 2097 117 2155 Ι
131 2099 167 2158 R.
181 2101 225 2158 Ut
237 2101 294 2160 hoc
307 2101 474 2180 aliqualiter
489 2100 663 2169 elucidetur,
680 2109 805 2158 utuntur
820 2101 872 2161 SS.
889 2104 992 2162 Patres

53 2181 109 2236 tac
123 2179 337 2240 similitudine·
328 2181 433 2259 quod
443 2181 530 2240 sicuti
540 2181 649 2273 liquor,
660 2200 795 2259 quamvis
804 2201 993 2257 purissimus

53 2268 86 2315 ¹1
97 2278 166 2318 vase
177 2272 317 2339 corrupto
325 2227 464 2332 inficitur,
475 2263 517 2320 ita
526 2262 624 2319 anima
633 2281 750 2338 corpori
742 2260 895 2321 foeditate
905 2263 996 2322 libid·

53 2336 110 2397 nis
123 2356 265 2435 corrupto
279 2343 386 2413 infusa,
402 2343 533 2401 inficitur
547 2361 582 2400 ac
595 2341 733 2400 foedetur.
769 2341 860 2415 Quod
872 2343 995 2420 quidem

53 2428 114 2477 hon
127 2419 169 2479 ita
181 2420 399 2515 accipiendum,
414 2423 498 2501 quasi
512 2424 545 2481 in
564 2441 686 2500 corpore
709 2423 748 2480 sit
770 2423 889 2514 proprie
916 2422 997 2482 dicta

53 2498 128 2557 rado
140 2504 265 2578 peccati,
280 2503 329 2562 vel
341 2503 455 2596 aliquid
473 2503 632 2560 efficienter
643 2502 777 2560 inficiens
790 2504 928 2572 animam,
943 2503 997 2561 sed

123 2598 223 2652 sensu,
238 2583 320 2659 quod
333 2585 440 2654 anima,
454 2584 527 2641 dum
538 2582 705 2640 infunditur
716 2601 833 2659 corpori
825 2582 996 2642 'seminali-
1024 2624 1027 2629 -

53 2660 99 2718 let
121 2659 314 2735 descendenti
335 2684 372 2722 ex
398 2665 524 2733 Adamo,
549 2662 600 2719 fiat
626 2683 695 2756 pars
721 2661 858 2731 hominis,
884 2661 936 2740 q'ui
963 2665 997 2722 in
1064 2723 1067 2741 ,

53 2730 173 2800 Sulmo
185 2744 330 2817 peccavit,
344 2745 478 2821 adeoque
497 2743 545 2801 cui
560 2742 692 2837 justitia
701 2740 852 2819 originalis
873 2742 996 2805 deberet

53 2830 170 2894 messe‚·
199 2823 299 2900 itaque
313 2825 420 2896 anima,
442 2843 507 2902 qua
527 2842 582 2899 pro
601 2823 694 2899 priori
714 2822 754 2880 ad
773 2821 912 2881 unionem
928 2843 997 2891 cum

53 2912 177 2997 corpore
197 2905 364 2998 concipitur
383 2871 476 2965 solam
489 2904 599 2962 habere
610 2903 808 2980 negationem,
823 2922 877 2962 seu
890 2905 998 2963 absen-

53 2978 148 3037 tiam
116 2985 260 3073 Justitiae
280 2985 441 3061 originalis,
457 2982 546 3043 simul
565 3001 599 3041 ac
619 2985 704 3042 unita
717 2994 762 3042 est
775 2982 902 3060 corpori,
915 2982 998 3043 illius

53 3053 174 3135 justitia.
184 3065 276 3123 habet
287 3066 492 3161 privatiqnem,
505 3065 538 3122 in
549 3084 608 3141 qua
617 3063 783 3141 privatione
793 3063 919 3123 essentia
926 3083 997 3142 pec·

53 3140 112 3199 uti
125 3144 280 3223 originalis
293 3146 435 3217 consistit,
449 3155 484 3204 ut
497 3144 612 3203 dicetur
628 3146 720 3202 Num.
736 3152 804 3212 139.

92 3221 142 3281 Ex
155 3225 203 3284 his
212 3225 399 3303 intelligitur
410 3225 556 3304 quomodo
563 3235 719 3302 peccatum
727 3224 870 3301 originale
880 3222 998 3283 dicatur

53 3300 171 3364 traduci
182 3324 240 3398 per
251 3306 395 3384 originem
410 3326 461 3365 seu
475 3304 705 3384 generationem,
726 3306 796 3382 quia
810 3303 964 3362 scilicet'
936 3323 996 3361 vrr-

54 3390 119 3440 tnte
129 3405 249 3445 semrurs
258 3387 432 3462 producitur
441 3406 558 3463 corpus
566 3384 647 3462 quod
655 3383 815 3462 postulat
794 3403 874 3441 uniri
881 3403 996 3456 ammae

55 3482 92 3527 tx
101 3484 164 3542 qua
173 3486 284 3524 unione
289 3467 533 3544 exsurgrtnatura
546 3466 676 3530 humana
683 3463 863 3522 seminaliter
876 3463 998 3522 descen.

54 3544 128 3603 deus
143 3566 180 3605 ex
194 3545 314 3605 adamo
315 3545 487 3625 ,adeoque
478 3566 510 3603 ιιι
523 3545 589 3622 ipso
596 3545 713 3622 privata
722 3541 839 3621 justitia
851 3544 998 3621 originali

96 3624 170 3705 obj.
197 3628 222 3684 Ι.
248 3626 279 3685 si
303 3627 401 3685 anima
422 3627 571 3684 inficiatur
593 3644 629 3682 ex
653 3623 763 3681 unione
784 3643 853 3683 cum
866 3643 1000 3701 corpore,

54 3706 329 3782 traductropeccatr
333 3707 559 3783 originalrsDeo
569 3704 627 3764 erit
636 3703 829 3784 imputanda
842 3706 1017 3801 quaesisse

53 3805 195 3921 reparant
215 3785 352 3844 infundit
380 3788 501 3867 corpori
521 3797 691 3870 corruptor
710 3787 806 3850 sicut't
828 3786 948 3871 sitium
967 3785 1041 3840 *alm

105 3868 172 3918 rael
192 3861 230 3920 de
240 3863 389 3926 Peccata
499 3879 532 3933 2
538 3891 558 3931 c
