2160 4072
130 84 175 159 88
475 156 479 161 .
500 66 716 163 ructares,
1060 27 1066 175 i

131 265 153 294 “
165 277 222 319 neo
234 257 299 317 haec
319 255 437 315 mattas
449 257 570 325 vitanda
584 269 638 329 est,
652 259 726 319 eim
741 279 806 319 aaa
825 257 864 319 sit
878 259 1015 337 prolum

130 346 154 373 “‘
164 349 234 416 pote
245 335 600 415 &Scripturmumseuss
615 340 890 399 nundiseordsnsl'
1063 390 1070 427 Σ

172 417 329 492 Quhhrsm
340 417 495 477 constituit
504 412 650 478 Personas
658 420 783 479 Divinas
796 421 1013 498 iss-osseparsen
1037 417 1044 432 '

172 500 209 557 R.
225 496 401 567 Relationes,
421 508 455 555 ut
465 499 646 576 praecedenti
663 502 795 559 Numero
807 500 926 559 dictum
937 510 990 559 est.
1046 534 1070 597 ‘h

170 577 330 654 Quomodo
352 579 439 635 Pater
456 599 482 636 v.
506 601 535 658 g.
549 590 649 656 potest
668 580 808 639 constitui
822 601 877 658 per
902 580 1004 639 relatio
1062 617 1069 659 ,-

133 658 320 719 Paternitatis
332 658 365 714 in
380 678 442 716 esse
456 658 602 730 Personae,
617 663 686 718 edm
704 662 864 719 Paternitas
885 656 1041 720 fundetur’
1062 666 1069 739 j

129 738 330 818 generatione,
346 748 375 795 et
389 741 542 814 generatio
558 743 674 799 Patrem
689 741 721 798 in
736 761 799 800 esse
816 743 952 800 Personae
967 761 999 800 co
1037 734 1044 753 ‘

130 832 228 879 tutum
243 829 407 895 supponat:
423 819 514 896 priiss·
522 832 566 879 est
576 822 653 880 emm
664 823 800 890 Persona,
811 821 904 899 quiam
913 831 1040 898 operatur

173 903 207 959 R.
230 898 345 957 Relatio
358 909 456 976 potest
480 900 640 978 dupliciter
655 901 843 972 considerari,
868 902 960 961 semel
980 911 1010 959 ut
1065 939 1070 959 .

130 981 234 1039 relatio
247 979 383 1049 actualis,
401 999 453 1037 seu
466 982 754 1061 actualisrespectos
770 982 810 1039 ad
822 983 982 1041 terminum
995 1005 1004 1052 ;
1019 981 1024 993 '
1065 986 1070 993 '

132 1072 230 1119 autern
252 1070 414 1136 respectus,
436 1059 504 1118 cinn
528 1063 566 1120 sit
594 1075 688 1132 actus,
711 1060 871 1120 Personam
885 1061 1064 1135 constitutanl

132 1141 282 1220 supponit,
305 1138 370 1197 edm
395 1141 526 1219 actiones
546 1143 605 1202 sint
618 1143 858 1221 suppositorum:
872 1143 960 1200 aliter
973 1118 1070 1211 relatrlj

132 1221 311 1280 considerari
324 1231 431 1297 potest,
447 1233 482 1279 ut
495 1235 539 1281 est
548 1224 622 1301 quid
636 1224 800 1282 subsistens
808 1234 838 1281 et
852 1223 949 1281 forma
962 1204 1061 1300 hyposl¹

131 1303 229 1370 tatica,
244 1311 274 1359 et
288 1301 329 1359 sic
345 1302 503 1359 Personam
517 1324 580 1362 non
590 1304 740 1382 supponit,
765 1302 818 1362 sed
832 1303 994 1362 constituit.

175 1383 229 1440 IV.
252 1382 357 1459 Itaque
373 1380 460 1439 Pater
471 1403 532 1441 non
544 1384 733 1443 constituitur¹
748 1383 857 1442 inesse
873 1385 1005 1441 Persona
1015 1394 1070 1460 per'j

133 1462 352 1532 Paternitatem,
375 1471 408 1518 ut
421 1461 495 1521 dicit
504 1465 649 1523 actualem
665 1475 832 1540 respectum
846 1463 884 1521 ad
896 1464 1013 1531 Filium,
1024 1404 1062 1533 sid

132 1543 210 1602 enim
222 1543 356 1619 sequitur
375 1540 413 1598 ad
427 1544 662 1619 generationem:
692 1542 748 1602 sed'
754 1543 945 1602 constituitur
954 1565 1005 1621 per
1014 1536 1065 1613 nl.

132 1624 309 1693 manitatem,
332 1633 366 1679 ut
385 1633 429 1679 est
443 1624 517 1700 quid
541 1626 702 1684 subsistens
716 1636 746 1682 et
769 1625 865 1682 forma
878 1622 1070 1702 hypostaticae

133 1724 208 1781 quae,
223 1703 327 1761 ordine
342 1722 393 1759 seu
408 1713 509 1764 nostro
523 1705 710 1784 concipiendi
725 1704 820 1773 modo,
831 1702 914 1783 prior
927 1704 989 1763 est¹

133 1783 262 1843 ratione:
277 1780 349 1841 hinc
363 1780 435 1840 dicit
447 1784 476 1842 S.
488 1784 596 1844 Thom.
607 1797 661 1845 art.
675 1795 703 1845 4.
715 1785 747 1843 in
760 1784 892 1863 “'Corp’'
907 1725 1070 1862 audires

134 1861 515 1940 sonainDivinissignilicet
524 1864 695 1926 relationem
705 1865 811 1924 realem
817 1865 1070 1927 utsubsistentenr

174 1943 291 2004 Nomen
303 1943 505 2010 Personaenon
511 1942 670 2006 assumitur
679 1946 718 2004 ad
726 1940 956 2024 significandum
964 1934 1070 2005 dinis&

134 2022 275 2084 Divinam
290 2026 455 2096 essentiam,
484 2027 554 2102 quia
567 2025 630 2085 haec
644 2046 704 2085 non
718 2037 763 2085 est
781 2020 1068 2099 incommunioehditi

172 2105 331 2179 Quomodo
347 2107 476 2165 Peterin
492 2107 610 2167 Divinis
624 2119 669 2166 est
684 2107 821 2177 Persona,
833 2102 902 2163 clim
913 2101 1059 2165 communi·

135 2197 181 2244 cet
194 2198 330 2243 naturam
346 2206 428 2243 suam
444 2186 543 2246 Filio?

175 2267 210 2324 R.
220 2266 300 2338 Quia
313 2265 377 2342 ipsa
393 2268 520 2325 Persona
546 2268 640 2326 Patris
666 2289 718 2326 seu
741 2278 858 2337 natura,
877 2278 970 2343 prout
985 2262 1060 2329 etii!

133 2342 228 2415 Patre,
250 2365 309 2402 non
324 2356 368 2403 est
382 2343 635 2406 communicabilis
656 2344 734 2407 Filio
753 2345 824 2406 licet
844 2356 952 2415 natura
972 2363 1061 2405 secuu-

132 2425 204 2484 dum
218 2447 249 2485 se
264 2425 341 2484 Filio
353 2427 598 2486 communicetur.

173 2503 208 2565 V.
220 2506 296 2566 Haec
306 2507 436 2576 nomina,
462 2514 482 2540 “
498 2506 702 2578 Subsistentia,
727 2502 918 2586 Hypostasis,
933 2502 1062 2585 Supposi-

132 2595 152 2622 “
166 2592 259 2658 tum,”
273 2588 304 2645 in
320 2587 439 2646 Divinis
449 2588 537 2646 hodie
556 2589 744 2666 accipiuntur
758 2609 815 2665 pro
830 2588 978 2646 Persona:
993 2582 1063 2643 unde

132 2672 208 2727 recte
224 2666 360 2735 dicimus,
376 2668 407 2725 in
423 2669 542 2726 Divinis
556 2689 618 2728 esse
632 2680 692 2727 tres
704 2667 920 2736 subsistantias,
942 2677 1001 2725 tres
1014 2665 1062 2742 hy·

131 2759 274 2825 postases,
286 2749 344 2806 tria
358 2750 532 2826 supposita;
547 2749 663 2808 tametsi
677 2746 842 2828 antiquitus
855 2766 966 2824 magna
979 2744 1064 2805 fuerit

132 2826 260 2906 desuper
277 2824 462 2905 disceptatio,
482 2814 542 2886 nori
558 2828 651 2887 solum
674 2828 849 2889 Latinorum
865 2848 934 2887 cum
950 2824 1066 2895 Grada

133 2908 287 2969 sedetiam
304 2909 477 2967 Graecorum
492 2910 569 2966 inter
585 2931 626 2978 se,
637 2908 825 2987 quorumalii
836 2918 909 2978 tres,
919 2903 970 2966 ulii
987 2922 1066 2966 unum

132 2982 199 3047 Deo
213 2989 396 3067 hypostasim
415 2989 621 3061 admittebant,
645 2987 844 3048 diversimode
870 2986 983 3047 scilicet
997 2982 1067 3046 illam

133 3089 234 3127 vocem
246 3068 457 3147 intelligentes.
500 3071 584 3129 Hinc
603 3071 676 3129 dicit
693 3069 869 3148 Hieronym.
882 3064 938 3126 suh
960 3064 1070 3127 nonsint·

132 3149 303 3228 hypostasis
316 3150 406 3208 latere
415 3170 560 3209 venenum
572 3151 634 3209 sive
648 3151 924 3227 aequivocationem,
938 3159 972 3208 ut
986 3146 1068 3207 refert

133 3226 163 3291 S.
175 3229 282 3290 Thom.
296 3241 350 3290 art.
367 3230 392 3287 1.
407 3230 446 3288 ad
456 3238 483 3289 3.
520 3229 605 3290 Idem
621 3232 650 3289 S.
664 3231 840 3307 Hieronym.
856 3230 887 3287 in
899 3229 1024 3308 epistola
1034 3224 1067 3285 ad

134 3308 306 3370 Damasum
318 3310 491 3369 Pontificem
512 3311 595 3382 dicit,
621 3332 651 3370 se
670 3324 805 3390 paratum
835 3330 900 3369 esse
922 3310 1070 3369 admittere

135 3408 227 3450 uuam
238 3389 286 3450 vel
300 3401 360 3449 tres
374 3390 557 3468 hypostases,
569 3404 659 3470 prout
672 3393 736 3470 ipse
750 3389 954 3450 declaraverit.

175 3468 230 3531 VI.
246 3472 322 3531 Hoec
333 3473 462 3540 nomina,
476 3481 496 3505 “
508 3473 653 3542 Essentia,
668 3476 790 3530 nature”
800 3472 897 3531 solent
910 3466 1070 3550 significat·

134 3554 229 3630 ipsam
241 3551 436 3610 Divinitatem
451 3553 547 3611 tribus
563 3552 699 3612 Personis
710 3571 906 3611 communem.

176 3628 249 3691 Vll.
263 3630 330 3689 Vox
345 3640 364 3665 “
380 3634 567 3691 Substantia”
576 3633 657 3710 apud
673 3634 793 3691 Graecos
802 3631 946 3710 quosdam
958 3640 1070 3710 accepts

134 3704 410 3789 luitproP'ersonaz
424 3712 908 3773 hincinDeodicebantessemsam
913 3713 1070 3771 &seutiam
