2160 4072
33 22 54 53 ,-
100 22 104 27 -
555 22 559 25 -
612 22 668 49 ,Ἦ
746 21 918 63 .„..,W„..

88 88 157 163 Μ
463 76 673 173 reiorum
756 66 762 79 ⁸
808 98 811 103 '

89 258 277 321 volontnem
288 267 486 355 petrocum
499 268 579 321 erret
585 259 702 319 unnim
710 276 806 319 unum
816 267 918 339 peccet

88 349 432 483 ”ttf‘ffffl
443 350 826 500 &inimum
838 422 918 482 vnn

90 498 286 562 menonem
305 502 345 561 ob
363 511 455 561 octor
478 502 530 573 ite,
551 500 577 561 oi
621 500 669 559 nio
681 500 918 561 morooideiecte

91 580 174 643 illem
181 578 409 643 delectationem
417 580 586 642 voluntarie
597 520 727 653 gereret,
736 580 918 642 oendnlirdit

91 661 141 735 do,
155 661 181 722 oi
193 661 314 733 iterum,
335 660 409 721 licet
420 672 490 740 port
502 662 713 722 brevitoimnm
726 670 849 743 tempor
861 682 918 722 een

91 762 156 803 rem
169 740 397 808 delectationem
413 753 578 815 convertet,
602 740 717 821 duplex
737 761 864 803 numero
881 763 918 823 pe

92 821 262 883 committit.
653 830 657 843 '

132 902 194 963 Sed
214 901 300 981 quid,
324 902 350 961 ri
372 900 442 981 quio
460 902 661 963 involuntarie
673 912 804 963 ceruret
816 906 856 964 nb
868 914 918 963 oct

90 1001 149 1063 per
158 981 326 1043 numnam
338 982 587 1043 inadvertentinm
596 982 647 1043 vel
659 981 901 1044 diotrectmnem?

131 1062 171 1122 V.
191 1064 228 1123 R.
251 1062 358 1143 Aliqui
379 1074 503 1125 omnent
524 1063 775 1144 interruptionem
797 1064 879 1124 illam
891 1075 918 1123 tu

92 1162 157 1205 erte
169 1144 322 1217 moralem,
335 1144 395 1205 niti
407 1142 461 1205 illo
470 1144 595 1205 centeno
602 1142 805 1204 involuntario
812 1145 900 1205 duret
911 1165 918 1204 ι

131 1244 401 1385 efficunguunt
419 1316 451 1367 et
475 1305 592 1377 dicunt,
603 1304 688 1384 quod
701 1305 827 1366 metio
840 1305 918 1366 invol

91 1386 216 1447 inducet
228 1384 477 1465 interruptionem
494 1386 636 1445 moralem
649 1406 708 1465 pro
726 1387 845 1446 cetibus
857 1406 918 1446 mer

92 1467 150 1539 nio,
165 1486 233 1545 qum
246 1466 357 1546 inipso
374 1466 453 1527 meh
466 1465 621 1526 voluntate
634 1479 891 1538 consummentur,
904 1487 918 1526 r

92 1547 173 1609 dont
184 1546 224 1607 td
244 1559 329 1608 netur
342 1555 491 1618 externos,
505 1556 540 1605 nt
552 1557 624 1607 nunt
636 1546 768 1616 hereric,
789 1547 903 1620 odium,
916 1570 918 1605 1

93 1627 254 1689 delectatio
266 1646 391 1698 morose,
406 1637 463 1687 etc.
478 1627 531 1687 ned
543 1647 605 1687 non
618 1628 661 1686 ito
673 1627 800 1706 proillio
814 1629 918 1688 octibu

91 1709 150 1780 nio,
163 1708 218 1786 qni
229 1705 386 1769 efficaciter
396 1708 528 1767 tendunt
540 1707 581 1767 od
593 1718 677 1767 actuo
700 1718 851 1777 externos,
873 1720 908 1768 nt

91 1787 252 1849 intendent
258 1786 355 1847 furori
362 1798 416 1847 out
422 1788 575 1861 fornicari,
584 1787 834 1866 inquirntmedia,
844 1790 918 1848 inter

94 1870 205 1949 repitit
220 1871 317 1939 iteret,
331 1879 411 1941 etc-3
425 1868 539 1947 quiebi
552 1880 636 1929 actor
648 1879 804 1947 ponuntur
813 1888 918 1929 omnen

52 1946 57 1961 '
92 1970 150 2010 moe
162 1948 345 2017 intentionis,
358 1958 467 2008 etcum
482 1969 517 2007 ea
530 1949 709 2008 coalescunt

132 2032 188 2091 VI.
201 2031 335 2089 Primum
347 2029 546 2088 distinctionis
559 2030 727 2088 membrum
742 2031 813 2090 satis
828 2042 918 2090 certur

92 2124 143 2172 tur
157 2112 241 2174 :cim
251 2110 295 2168 nil
310 2111 356 2181 sit,
371 2112 404 2168 in
417 2132 479 2188 quo
492 2110 536 2168 illi
546 2121 631 2170 actus
643 2109 784 2169 uniantur
798 2125 852 2172 out
866 2131 918 2171 con

93 2206 143 2253 tur
156 2191 196 2252 ad
206 2191 447 2250 constituendum
459 2210 554 2249 unum
564 2211 690 2250 numero
700 2203 868 2268 peccatum.

134 2271 205 2330 VII.
229 2273 384 2345 Quantum
407 2269 446 2330 nd
472 2272 648 2340 secundum,
669 2271 798 2342 videtur,
821 2272 904 2352 quod

91 2352 159 2413 illos
180 2363 265 2411 actus
287 2352 419 2411 notabile
441 2353 584 2429 temporis
596 2351 787 2410 interuallum
800 2354 918 2411 interce

92 2446 128 2494 ut
141 2433 296 2493 efficacitas
318 2433 408 2511 primi
429 2433 576 2510 propositi
600 2452 652 2490 seu
678 2432 783 2509 primae
807 2433 916 2492 intenti

92 2515 177 2574 nullo
202 2511 330 2591 amplitis
353 2511 460 2583 effectu
484 2512 579 2572 libero
604 2523 785 2589 perseveret,
806 2524 880 2574 tunc
895 2513 918 2570 h,

91 2595 211 2655 morelio
225 2593 422 2671 interruptio:
446 2604 477 2652 et
502 2592 545 2650 ito
567 2612 783 2671 per.somnnm
810 2613 918 2654 censen

92 2687 177 2736 actus
189 2675 369 2754 plerumque
379 2673 565 2751 interrumpi.

126 2740 216 2815 ‘Hinc
228 2755 280 2832 qni
293 2754 383 2812 hodie
396 2752 492 2812 voluit
505 2753 609 2824 furari,
624 2763 654 2812 et
673 2764 742 2832 post
762 2774 857 2814 unum
871 2755 918 2814 ult

92 2836 173 2897 diem
185 2834 373 2912 propositum
388 2854 476 2893 suum
490 2834 607 2893 tentrim
629 2836 797 2911 exequitur,
813 2835 918 2912 pluro]

91 2927 216 2997 peccatu
229 2915 395 2973 committit
436 2914 531 2974 Aliud
545 2914 664 2973 videtur
678 2915 851 2985 dicendum,
877 2917 902 2974 si

91 2998 202 3058 itinere·
219 2995 257 3055 ed
284 2995 481 3054 occidendum
508 2994 672 3066 inimicum,
687 3015 791 3053 somno
804 2996 918 3074 corripi

91 3076 238 3158 evigilant
252 3075 360 3134 iterum
380 3075 437 3133 iter
448 3094 536 3134 suum
547 3085 754 3153 prosequatur,
769 3086 821 3134 aut
833 3077 857 3135 si
871 3080 918 3154 qui

90 3178 164 3219 num
178 3158 315 3235 expresse
337 3153 478 3214 adhibeat
497 3165 640 3234 tanquam
656 3155 788 3214 medium
802 3157 842 3214 ad
855 3157 918 3228 hoe,

85 3238 221 3319 peditior
234 3237 273 3296 sit
286 3234 325 3293 ud
339 3235 486 3296 intentum
502 3254 588 3297 tuum
604 3236 868 3314 prosequendum:
898 3237 918 3295 h

89 3320 208 3389 ontibus
221 3314 374 3377 efficacitas
388 3314 477 3394 primi
489 3315 635 3394 propositi
649 3317 679 3373 in
693 3318 758 3394 ipso
770 3317 878 3376 itinere
889 3337 918 3376 sn

90 3412 143 3460 eut
157 3418 261 3459 somno
274 3399 411 3474 expressi.
423 3396 558 3474 quaesito,
569 3397 640 3454 satis
654 3397 774 3455 videtur
785 3399 918 3458 continui

133 3481 178 3539 Ex
189 3479 278 3537 dietis
291 3476 458 3545 deducitur,
474 3476 554 3554 qnid
563 3476 665 3553 plures
673 3488 756 3536 actus
764 3479 918 3554 praeceden

90 3559 260 3638 interrupti,
275 3568 304 3616 et
316 3576 353 3614 ex
361 3556 526 3615 intentione
536 3556 663 3614 ordinati
675 3558 712 3614 ed
721 3557 801 3615 idem
812 3580 917 3637 opusc

88 3638 244 3709 mondum,
259 3657 349 3696 unum
363 3634 476 3695 tontum
492 3656 560 3695 cum
575 3637 641 3714 ipso
654 3658 744 3715 opere
757 3651 917 3715 peccatum

78 3734 179 3794 tuent,
189 3722 214 3782 ei
224 3716 390 3800 nempeilii
405 3725 491 3778 actuo
500 3717 562 3775 tint
568 3717 643 3774 mcii
651 3717 690 3773 in
698 3718 918 3795 euuumcpecie

66 3828 110 3870 ex
113 3803 287 3891 proposito
295 3797 464 3864 occidendi
474 3797 638 3857 inimicum
643 3799 734 3853 ment
739 3795 918 3870 protientur
