2152 4066
439 104 606 153 arrosus.
926 82 992 152 ⁴113

79 254 132 310 An
159 252 273 332 Angeli
287 262 470 331 cognoscunt
482 253 587 311 futura
598 250 801 331 contingentia
813 248 916 323 libera,
928 254 991 313 sive

58 352 107 408 luae
119 333 258 411 pendent
270 333 289 393 t
301 334 394 392 libero
408 333 551 392 arbitrio?

79 414 116 471 R.
153 415 320 497 Negetive:
350 413 400 471 illa
419 413 531 471 etenim
551 432 731 491 cognoscere
755 414 808 472 soli
837 414 905 473 Deo
918 434 988 493 pro-

58 491 141 550 rium
160 505 218 565 est,
239 494 328 573 juxta
339 493 417 553 illud
430 501 459 551 2.
480 492 547 551 libr.
564 495 659 554 Paral.
681 514 745 572 cap.
760 494 788 555 6.
800 514 828 553 v.
841 503 888 556 30.
905 504 924 529 “
940 497 988 555 Tu

65 573 154 633 solus
167 576 248 634 nosti
262 576 352 634 corde
363 573 492 633 filiorum
506 573 688 633 hominum.'’

77 654 217 714 Proinde
228 654 377 715 doemms
391 665 505 712 nostras
519 654 628 713 liberas
646 653 839 737 cogitationea
850 666 882 715 et
898 656 985 716 affec-

58 753 135 792 ones
146 736 312 795 voluntatis
326 735 406 794 mere
426 735 557 792 internas
572 754 633 792 non
647 746 830 813 cognoscunt
841 759 850 806 ς
861 751 987 814 possunt

58 834 139 872 tmen
160 816 229 875 illas
257 835 434 894 cognoscere
456 815 694 893 conjecturaliter
718 836 756 874 ex
778 816 932 875 effectibus
956 832 986 877 et

58 894 173 954 tutibus
184 900 325 975 eorporis,
339 916 376 954 ex
390 896 583 973 dispositione
597 897 755 973 spirituum
769 897 940 955 animalium
955 900 987 956 in

58 973 206 1048 bantasid,
227 988 286 1037 etc.
328 976 440 1054 Angeli
454 977 533 1034 beati
547 977 741 1054 cogitationes
754 987 869 1035 nostras
883 978 986 1037 videre

58 1068 167 1115 assunt
180 1057 212 1115 in
228 1058 302 1129 Deo,
314 1058 401 1136 juxta
411 1057 492 1115 dicta
507 1058 544 1115 N.
558 1064 605 1116 33.

76 1136 223 1214 Cognitio
231 1137 397 1196 daemonum
407 1137 638 1216 supernaturalis
645 1137 753 1207 infusa,
762 1157 818 1217 per
829 1151 987 1216 peccatum

58 1216 204 1288 ttablsta,
217 1238 279 1276 non
292 1222 362 1277 vero
383 1218 515 1295 cognitio
533 1217 685 1277 naturalis.

77 1298 131 1354 Au
146 1299 259 1376 Angeli
282 1299 359 1357 inter
374 1319 404 1356 se
417 1299 605 1375 loquuntur?

78 1376 134 1435 lv.
151 1380 188 1437 R.
203 1398 272 1437 eum
298 1380 327 1437 S.
343 1378 448 1438 Thom.
464 1388 567 1456 quaest.
585 1386 650 1444 107.
665 1387 720 1439 art.
745 1387 771 1437 l.
793 1381 984 1454 affirmativo;

60 1457 109 1516 uia
121 1458 208 1537 loqui
232 1459 272 1518 ad
294 1459 420 1519 alterum
439 1478 499 1517 non
518 1458 669 1528 estaliud‚
697 1461 787 1537 quim
808 1477 985 1541 conceptum

58 1540 153 1617 sentis}
168 1560 229 1599 sue
240 1540 326 1599 alteri
347 1539 544 1599 manifestare.

58 1619 201 1691 {uomodo
215 1621 293 1679 inter
312 1640 343 1679 se
356 1619 523 1697 loquuntur
537 1619 672 1698 Angeli?

77 1698 114 1758 V.
131 1702 170 1759 R.
181 1700 282 1760 Docet
295 1701 326 1760 S.
342 1701 447 1759 Thom.
461 1712 564 1777 quest.
585 1701 675 1759 citati
688 1700 720 1757 in
748 1707 769 1737 “
781 1703 888 1780 Corp.”
902 1705 985 1781 quod

59 1800 96 1837 on
104 1780 270 1859 loquantur
284 1801 338 1859 per
353 1782 438 1858 signa
452 1779 602 1839 sensibilia
613 1781 700 1839 sicuti
711 1801 774 1851 nos,
790 1783 841 1840 sed
852 1802 907 1861 per
921 1784 980 1843 hoc

60 1861 118 1918 uod
133 1882 216 1920 unus
231 1860 368 1938 Angelus
381 1871 558 1938 conceptum
579 1861 687 1919 urentis
707 1882 768 1920 suae
780 1882 835 1939 per
848 1864 985 1924 volunta-

58 1960 95 1999 em
107 1942 232 2001 ordinet
244 1954 276 2000 et
288 1942 397 2019 dirigat
410 1942 450 1999 ed
463 1941 600 2005 alterum,
622 1953 658 1999 ut
667 1941 694 1998 ei
705 1943 929 2003 manifestetur:
954 1960 983 2003 et

58 2033 184 2098 apotest
196 2022 282 2101 loqui
293 2023 345 2080 uni
359 2022 488 2099 ringeln,
510 2034 540 2081 et
553 2041 613 2078 non
632 2021 716 2078 alteri
728 2045 738 2092 3
753 2041 821 2078 nam
837 2044 889 2100 pcr
903 2024 984 2083 illam

59 2102 200 2161 oluntatis
214 2103 416 2172 directionem,
431 2103 481 2159 ille
496 2113 657 2179 conceptus
670 2101 777 2159 mentis
793 2104 926 2162 occultus
937 2126 986 2164 ac-

58 2182 104 2259 ipit
119 2195 240 2241 certum
255 2183 387 2252 modum,
411 2182 525 2240 ratione
540 2183 627 2260 cujus
647 2182 821 2240 naturaliter
836 2184 870 2243 fit
883 2185 982 2264 objec-

58 2264 319 2340 incognoscibile
338 2275 475 2351 respectu
495 2263 585 2333 illius,
608 2261 648 2320 ad
659 2282 748 2339 quem
768 2262 917 2341 dirigitur,
956 2281 985 2323 et
1022 2295 1028 2306 ·

58 2363 89 2400 ou
103 2357 250 2423 respectu
271 2344 400 2402 alterius
644 2388 647 2393 -

70 2424 157 2482 Dum
170 2424 312 2502 Angelus
326 2425 459 2502 superior
469 2424 603 2502 loquitur
613 2422 756 2493 inferiori,
766 2424 983 2484 manifestando

70 2506 236 2565 veritatem
249 2505 378 2582 aliquam
387 2505 544 2563 habentem
555 2503 688 2561 ordinem
699 2503 738 2561 ad
747 2506 858 2576 Deum,
872 2506 983 2565 dicitur

58 2604 97 2642 nn
113 2585 289 2644 illuminare
305 2585 352 2642 vel
362 2584 477 2643 ducere.

69 2656 129 2725 v'1.
155 2667 196 2724 In
208 2665 335 2744 Angelis
345 2665 456 2724 dicitur
470 2686 532 2724 esse
546 2664 677 2744 cognitio
697 2665 851 2733 matutina,
864 2673 925 2804 gua
937 2689 984 2727 res

59 2746 138 2805 dent
147 2747 183 2803 in
196 2748 296 2816 verbo,
312 2757 343 2805 et
356 2746 486 2823 cognitio
500 2746 687 2823 vespertina:
703 2748 760 2821 qui
775 2766 822 2804 res
834 2747 863 2804 vi
887 2762 938 2806 ent
951 2751 981 2806 in

58 2827 157 2904 ipsis:
185 2826 268 2886 unde
290 2836 382 2904 patet,
407 2827 608 2904 cognitionem
629 2825 806 2883 matutinam
830 2846 984 2905 nunquam

58 2908 177 2965 ibuisse
199 2907 297 2966 locum
310 2906 341 2965 in
357 2908 482 2985 Angelis
501 2905 595 2964 malis.
616 2904 694 2963 Vide
709 2906 739 2964 S.
757 2905 864 2966 Thom.
880 2924 983 2986 quaest.

58 2995 77 3047 3.
86 3000 147 3046 art.
158 2987 191 3047 6.

72 3149 115 3206 N.
142 3151 193 3206 81.
236 3148 294 3207 DE
319 3148 632 3208 PRODUCTIONE
653 3148 940 3209 ANGELORUM.

295 3292 328 3351 S.
346 3293 442 3352 Titum.
457 3302 553 3370 qaoest.
568 3293 617 3353 61.
639 3299 664 3351 el
678 3291 727 3350 62.

58 3484 60 3495 .
82 3440 132 3498 De
143 3435 203 3501 fide
228 3445 269 3494 est
292 3436 335 3494 Aa
357 3435 413 3495 clos
426 3455 484 3494 esse
508 3444 623 3495 crculut.
668 3437 710 3495 ΙΙ.
736 3435 833 3496 Creuti
846 3447 910 3496 sitiri
924 3459 982 3495 cum

74 3519 135 3597 ipso
153 3519 264 3575 uniendo.
285 3510 288 3517 ’
307 3458 367 3575 Ill.
382 3516 420 3573 Ia
435 3515 501 3573 coelo
515 3516 665 3660 Empgrco.
707 3518 761 3575 IV.
776 3515 848 3574 Item
863 3517 891 3574 ia
906 3529 983 3575 stulu

72 3598 126 3656 eioe
140 3615 209 3654 cam
221 3594 320 3673 gratia
333 3595 538 3671 sartclificunle.
609 3595 726 3654 uumdiu
740 3594 785 3653 via
807 3595 961 3653 (iurauerit.

70 3729 92 3780 Ι,
111 3727 173 3781 DE
182 3724 245 3781 lide
257 3735 309 3794 est,
327 3725 496 3803 Angelostl
510 3726 579 3789 Deo
593 3749 661 3790 esse
673 3743 806 3801 creatos,
817 3737 955 3806 utputet
965 3748 1008 3784 ex

58 3821 80 3874 p.
100 3808 126 3856 1.
138 3800 180 3858 ad
191 3801 302 3866 Coloss.
331 3824 359 3871 ν.
389 3806 436 3870 16.
462 3818 485 3846 “
502 3810 543 3869 ln
563 3813 636 3898 ipso
649 3810 1031 3881 conditasuntuiiiuessu

59 3920 65 3925 '
487 3904 546 3960 a3
