2152 4066
48 128 69 188 l.
84 128 161 188 'l'sm
253 144 306 185 sex
316 125 442 197 dierum,
470 135 562 204 prout
573 118 686 205 legitur
698 126 808 187 Gestat
823 94 890 206 etp.

48 207 90 268 16.
112 215 133 243 “
180 207 225 267 ies
244 205 373 283 intelligi
397 206 508 265 dabam
532 205 689 266 naturales
703 218 735 266 et
754 206 891 267 distincti

48 307 236 355 communem
250 306 370 345 sensum
384 287 438 346 SS.
453 287 574 346 Petrum
589 287 700 359 Basilii,
728 287 890 358 Ambrosii,

48 369 168 436 ottoni,
182 377 239 426 etc.

48 448 224 525 lugustinus
235 456 336 506 tamen
346 446 400 506 lib.
425 466 491 525 sup.
506 446 616 509 Genea.
627 445 667 505 ad
679 447 817 516 litteram,
845 447 891 505 vi·

49 527 85 585 in
96 547 162 587 eam
172 525 360 606 propendere
374 528 638 605 sententiamque
648 529 774 589 sustinet
783 529 891 598 omnia,

48 608 197 686 scriptura
210 628 260 666 sex
275 606 383 667 diebus
396 608 474 666 facta
494 618 712 678 commemoret,
736 607 891 668 esse-iacta

53 689 190 759 instanti,
205 699 236 746 et
248 688 313 746 dies
325 687 524 765 metaphorice
539 706 603 745 esse
615 687 824 765 intelligendos
834 708 892 767 pro

48 769 123 827 ione
136 768 320 847 Angelorum
331 792 341 840 3
355 769 397 827 ita
404 780 439 826 ut
448 766 640 845 perprimum
653 766 733 826 diem
743 768 891 847 intelliga-

48 849 150 927 gnido
171 848 306 927 angelica
318 850 418 927 operis
430 849 499 917 Dei,
525 846 608 924 quod
629 848 784 926 Scriptum
803 849 893 909 Sacra

59 928 112 988 die
124 941 235 1003 narrat,
249 939 279 987 et
292 929 335 988 sic
344 929 493 1006 deinceps.
516 926 576 987 Sed
585 927 668 987 nulla
677 928 727 987 hic
738 940 893 1006 urget-ne·

48 1029 84 1079 rs,
112 1021 148 1069 ut
170 1010 235 1068 dies
247 1009 315 1067 illos
328 1009 489 1086 improprii
501 1003 725 1086 intelligamus;
751 1014 768 1066 t
791 1022 894 1071 conus

48 1110 57 1148 s
70 1088 301 1149 circumstantiae
313 1089 432 1167 proprie
446 1086 657 1164 intelligendos
669 1098 808 1149 enarrent
815 1098 892 1162 rue·

48 1170 143 1229 {detur
157 1171 277 1247 Moyses
290 1169 426 1229 allusisse
439 1169 476 1226 ad
486 1169 683 1247 cognitionem
696 1169 894 1248 Angelorum,

48 1250 153 1309 trullam
167 1268 334 1328 expressam
355 1250 386 1307 in
407 1248 563 1309 creatione
575 1248 680 1307 mundi
691 1268 793 1309 eorum
807 1250 896 1311 faciat

48 1351 147 1390 onem.
768 1370 773 1385 .

48 1410 71 1489 j.
86 1412 217 1470 Videtur
229 1409 459 1469 essenecessitss
471 1409 535 1468 dies
544 1409 617 1469 istos
630 1410 790 1487 improprie
803 1409 892 1471 intel·

48 1491 73 1549 li
83 1515 93 1562 ;
109 1493 180 1571 quia
193 1490 237 1550 sol
250 1490 391 1550 conditus
399 1488 515 1548 tantum
526 1489 585 1549 fuit
596 1503 703 1568 quarto
714 1490 784 1563 dic;
809 1492 894 1569 atqui

48 1590 128 1631 tmen
141 1572 211 1631 solis
221 1572 410 1631 constituitur
422 1570 486 1629 dies
498 1569 661 1642 naturalis3
674 1590 747 1649 ergo
760 1581 822 1629 tres
834 1573 897 1649 pri·

48 1651 103 1712 lies
115 1673 175 1711 non
185 1653 309 1711 fuerunt
320 1651 477 1711 naturales.

67 1734 103 1791 R.
119 1733 210 1808 Quod
218 1733 315 1791 tribus
323 1732 475 1810 prioribus
485 1729 590 1790 diebus
600 1729 751 1789 fueritlux
762 1730 897 1809 quedam

48 1815 253 1892 tmosphaeram
266 1812 375 1871 diffusa
387 1812 469 1871 vices
479 1810 548 1870 solis
562 1810 715 1889 supplens,
740 1830 808 1889 quae
819 1830 896 1889 pre·

48 1908 54 1950 t
70 1901 125 1953 sut
140 1895 229 1964 diem,
252 1894 384 1952 absentit
399 1895 471 1952 verti
489 1903 607 1951 noctem
622 1891 750 1951 faciebat
759 1914 769 1964 3
791 1901 899 1970 quarto

48 1995 66 2030 1-
81 1976 134 2033 die
147 1996 184 2033 ex
198 1974 250 2032 illa
263 1973 331 2033 luce
342 1974 488 2032 formatus
511 1984 557 2030 cst
570 1969 623 2042 sol,
644 1983 675 2031 et
688 1971 899 2031 determinatus

48 2055 112 2113 ‚rios
131 2056 262 2114 effectus.
721 2088 724 2093 ·

48 2155 106 2193 »era
121 2157 170 2194 sex
181 2137 295 2193 dierum
307 2135 338 2193 in
349 2132 520 2212 particulari
532 2133 680 2210 descripta
689 2143 759 2190 sunt
771 2150 825 2209 per
836 2132 899 2191 dies

50 2216 96 2274 los
112 2218 219 2275 Genes.
234 2235 299 2292 cap.
315 2224 342 2277 1.
696 2250 699 2257 ·
753 2253 755 2257 ν

48 2297 163 2355 iomodo
176 2296 287 2374 legitur
301 2293 385 2353 Deus
399 2295 525 2356 dixisse:
553 2301 573 2328 “
587 2295 638 2353 fiat
650 2293 703 2352 lux
713 2299 724 2353 i
735 2294 752 2317 ''

48 2378 64 2434 l.
82 2379 118 2435 R.
135 2377 203 2435 Non
218 2396 289 2434 sono
303 2376 393 2444 vocis,
423 2375 474 2433 sed
488 2377 598 2434 efficaci
610 2373 717 2432 mentis
732 2390 791 2431 suoe
805 2373 899 2451 impe.

48 2465 65 2492 “
81 2459 151 2534 lpse
162 2457 323 2523 mandavit,
336 2467 367 2514 et
380 2467 477 2514 creata
490 2459 586 2514 sunt.''
608 2454 683 2514 Psal.
700 2460 808 2521 litu.
832 2461 859 2513 5.
885 2508 887 2512 .

48 2544 70 2596 ui
87 2538 157 2595 anni
171 2544 345 2613 tempestate
359 2546 474 2595 creatus
488 2547 533 2594 est
546 2534 692 2593 muudus?
797 2608 801 2613 Ι

51 2662 58 2675 .
77 2620 112 2676 R.
125 2617 258 2688 Quaestio
268 2617 446 2694 intelligitur
456 2617 494 2674 de
504 2625 678 2694 tempestate
688 2613 757 2673 anni
765 2625 902 2690 respectu

48 2699 156 2775 inquo
180 2708 243 2755 erat
264 2697 431 2767 Paradisus,
452 2696 501 2755 vel
521 2697 553 2754 in
575 2716 635 2774 quo
659 2695 747 2773 primi
766 2704 902 2771 parentes

48 2778 108 2836 iiso
120 2776 349 2857 pulsi‚prim1im
363 2776 543 2836 habitarunt.
566 2775 694 2847 Quidam
710 2773 903 2852 probabiliter

48 2871 113 2918 rent
125 2858 270 2917 mundum
285 2867 415 2916 creatum
427 2859 530 2916 esseio
540 2856 717 2932 aequinoctio
729 2853 904 2923 autumnali3

48 2951 161 2998 reatum
174 2939 279 2996 volunt
289 2940 319 2995 in
334 2937 511 3016 aequinoctio
524 2956 626 3005 verno,
647 2936 681 2994 ed
695 2935 776 3013 quod
789 2946 905 3012 tempus

48 3040 92 3078 rm
106 3018 314 3097 germinationi
329 3018 367 3076 sit
387 3018 571 3096 aptissimum
586 3027 616 3074 et
625 3015 716 3075 totius
729 3015 799 3072 anni
813 3034 903 3072 amoe-

48 3120 131 3158 num.
175 3099 224 3159 Ad
248 3099 392 3157 rationem
412 3097 520 3177 prioris
542 3098 694 3156 sententiae
713 3094 903 3172 respondent,

48 3200 87 3238 es
99 3180 132 3237 in
152 3180 325 3257 regionibus
350 3179 540 3238 calidioribus
554 3178 642 3236 etiarn
667 3194 757 3234 verno
771 3186 904 3251 ternpore

48 3281 84 3318 us
97 3260 196 3323 ferre:
218 3262 350 3338 adeoque
363 3260 433 3317 inde
446 3259 489 3316 nil
511 3258 592 3335 possi
606 3256 715 3332 colligi.

48 3351 108 3398 >cet
123 3341 152 3400 S.
170 3340 276 3398 Thom.
300 3361 328 3416 q.
355 3349 420 3400 103.
442 3350 495 3397 art.
511 3346 538 3398 5.
557 3339 597 3396 ad
611 3346 639 3398 5.
653 3335 732 3415 qudd
747 3331 904 3393 Paradisus

48 3421 133 3497 statis
144 3431 261 3480 creatus
275 3420 312 3478 sit
321 3419 370 3477 die
383 3419 480 3490 tertio,
496 3417 615 3497 quando
628 3429 707 3476 terra
719 3415 843 3475 herbam
858 3415 903 3471 vi·

48 3521 94 3571 un,
115 3503 243 3569 arbores,
265 3511 321 3559 etc.
336 3500 486 3577 produxit.
805 3564 808 3571 Ι

48 3600 87 3638 tm
110 3592 215 3660 quast.
231 3582 280 3652 69.
304 3591 357 3638 art.
373 3588 418 3638 22.
434 3579 472 3637 ad
494 3587 521 3638 2.
538 3579 633 3649 (locet,
653 3576 761 3638 eodem
776 3576 906 3654 die'pro-

48 3681 84 3720 as
96 3684 161 3722 esse
173 3663 270 3741 spinas
285 3673 314 3720 et
327 3661 461 3718 tribulos.
