2152 4066
308 118 354 163 ua
378 118 520 162 aramus
544 118 714 164 nuuams.
921 99 984 163 183

84 263 147 322 111.
175 265 210 323 n.
234 260 289 324 Est
308 262 395 335 illud,
420 264 502 341 quod
523 263 659 324 voluntas
681 264 810 343 positivo
832 276 900 323 actu
923 285 984 323 non

58 343 130 402 ult:
156 344 202 404 sic
223 343 390 404 sollicitatio
403 344 481 405 facta
494 347 514 406 J
516 346 627 422 osepho
640 355 670 404 et
683 346 740 404 alia
754 346 905 417 Susanna,
920 345 985 404 fue-

59 434 118 483 unt
131 423 206 504 ipsis
219 425 423 484 involuntariae
436 425 572 503 positive.
763 426 766 431 ’
917 428 927 451 “·

84 504 174 577 Quid
188 517 233 565 est
245 505 476 565 involuntarium
491 505 686 584 simpliciter?
833 578 836 585 .

86 585 145 642 IV.
169 586 204 644 ll.
219 586 274 645 Eat
285 585 372 656 illud,
387 583 468 664 quod
483 584 627 657 voluntas,
644 584 835 645 consideratis
848 585 987 645 omnibus

58 664 359 738 ircumstantiis,non
374 666 456 724 vult:
473 675 506 724 ut
521 665 545 723 si
559 665 646 724 alicui
660 665 747 744 plani
758 666 870 725 nolenti
879 667 987 724 infera·

58 764 97 802 ur
111 765 204 803 mors.

89 823 127 882 V.
151 825 388 884 lnvoluntarium
411 825 571 884 secundum
585 826 668 904 quid,
684 837 729 885 est
741 825 828 896 illud,
843 827 924 904 quod
938 848 990 886 vo·

60 914 150 963 untas
175 904 334 965 secundnm
355 925 386 964 ae
400 906 617 965 consideratum
636 926 696 964 non
720 906 793 977 vult,
819 906 872 964 sed
891 917 990 965 tamen

58 985 193 1043 restitum
207 987 295 1044 certis
308 982 534 1045 circumstantiis
549 986 622 1058 vult,
638 1008 704 1065 qua
718 985 945 1046 circumstantia
967 988 992 1047 si

58 1065 199 1135 abessent,
213 1064 350 1125 voluntas
363 1084 422 1125 non
436 1066 545 1138 vellet;
564 1069 604 1126 ita
617 1068 744 1146 abjectio
758 1066 900 1127 mercium
914 1067 993 1126 facta

58 1145 69 1202 l
83 1158 250 1205 mercatore
263 1165 299 1205 ex
312 1156 394 1205 metu
408 1147 566 1225 naufragii,
582 1159 626 1206 est
643 1148 700 1226 ipsi
723 1146 923 1206 involuntaria
947 1167 991 1205 se-

58 1225 182 1283 eundum
197 1227 281 1305 quid,
293 1224 344 1284 sed
359 1226 525 1286 voluntaria
538 1227 722 1304 simpliciter,
747 1229 812 1286 crim
826 1226 907 1286 illam
923 1228 992 1286 sim-

58 1305 175 1383 pliciter
189 1307 279 1387 eligat
289 1306 328 1365 ad
339 1306 511 1367 evitandum
525 1309 620 1386 majus
634 1309 756 1367 malum.

97 1387 188 1446 Unde
197 1390 330 1456 observa,
340 1388 420 1466 quod
430 1388 508 1446 idem
519 1389 612 1466 possit
622 1410 686 1448 esse
695 1387 783 1447 simul
794 1387 993 1448 voluntarium

58 1466 232 1545 simpliciter
246 1479 274 1527 et
282 1466 515 1527 involuntarium
530 1468 689 1528 secundum
702 1468 786 1548 quid,
809 1471 862 1528 sub
876 1469 994 1528 diversa

60 1546 173 1606 scilicet
185 1549 307 1608 ratione.

100 1625 176 1686 Item
190 1630 323 1699 observa,
335 1630 415 1709 quod
424 1629 500 1689 illud
510 1630 741 1691 involuntarium
752 1631 911 1689 secundum
921 1629 996 1708 quid

63 1706 171 1768 ratione
185 1712 232 1768 sui
242 1729 302 1768 non
313 1711 398 1770 tollat
411 1711 547 1782 liberum,
566 1732 621 1771 nec
635 1721 755 1771 excuset
768 1713 784 1769 i
795 1711 912 1770 formali
925 1730 995 1790 pec-

66 1799 135 1847 cato.
179 1790 264 1849 Patet
272 1790 305 1847 in
314 1790 425 1851 femina
435 1792 635 1851 consentiente
646 1812 683 1850 ex
693 1801 774 1849 metu
785 1790 816 1848 in
827 1791 996 1850 fornicatio-

67 1888 139 1940 nem,
162 1890 229 1948 quae
242 1881 286 1929 est
300 1869 327 1928 ei
341 1873 540 1932 involuntaria
553 1873 712 1931 secundum
728 1872 809 1949 quid.

102 1949 158 2009 VI.
181 1951 417 2011 involuntarium
431 1953 576 2013 directum
591 1964 646 2025 est,
669 1952 751 2031 quod
764 1951 900 2021 voluntas
921 1952 952 2009 in
967 1971 997 2008 se

70 2029 175 2110 refugit
189 2052 241 2091 seu
266 2044 433 2093 aversatur:
456 2035 496 2092 ita
520 2035 661 2093 Susannae
685 2031 917 2091 involuntarium
940 2031 999 2089 fuit

71 2111 254 2184 adulterium,
274 2113 313 2173 ad
326 2115 407 2192 quod
419 2114 640 2173 sollicitabatur.

103 2192 174 2251 Vll.
200 2192 436 2255 involuntarium
451 2195 630 2253 indirectum
644 2204 697 2264 est,
721 2191 802 2270 quod
816 2190 952 2249 voluntas
967 2191 997 2248 in

73 2292 96 2331 aa
107 2293 167 2331 non
183 2286 343 2346 aversatur,
359 2276 412 2336 sed
425 2276 609 2334 solummodo
622 2276 653 2333 in
668 2274 734 2342 alio,
749 2272 780 2329 in
794 2292 854 2349 quo
868 2271 1000 2329 contine·

73 2363 112 2411 tur
123 2364 174 2412 aut
190 2374 224 2412 ex
237 2376 297 2433 quo
311 2358 453 2433 sequitur,
467 2355 515 2413 vel
527 2356 606 2433 quod
618 2377 654 2414 en
669 2352 756 2413 certis
769 2352 1000 2412 circumstantiis

74 2434 201 2493 voluntas
226 2435 364 2513 refugere
385 2447 538 2495 censetur:
564 2438 605 2494 ita
628 2434 827 2493 involuntaria
853 2444 897 2490 est
922 2430 999 2490 salus

73 2516 175 2572 nolenti
191 2517 347 2574 observare
362 2517 499 2574 mandata
512 2516 579 2575 Dei.

104 2596 277 2654 Notandum
293 2596 427 2667 finaliter,
454 2597 533 2674 quod
558 2593 790 2654 involuntarium
811 2592 926 2650 dicatur
941 2611 1001 2649 res-

69 2685 150 2752 pectu
165 2676 285 2755 objecti,
301 2678 381 2754 quod
396 2677 531 2755 voluntas
544 2697 607 2735 non
627 2676 708 2746 vult;
734 2692 802 2731 nam
827 2672 892 2750 ipsa
916 2673 1002 2742 actia,

67 2762 119 2834 qui
137 2756 275 2815 voluntas
289 2757 402 2834 aliquid
416 2778 474 2814 non
490 2758 555 2815 vult
569 2779 619 2816 seu
642 2764 805 2824 aversatur,
830 2763 874 2811 est
897 2752 1003 2809 volun-

65 2836 146 2907 taria,
168 2839 233 2895 clrm
249 2840 263 2895 i
279 2837 430 2896 voluntate
444 2858 509 2896 cum
527 2836 695 2915 cognitione
710 2835 776 2891 finis
791 2833 940 2911 procedat.

102 2917 251 2990 Quaenam
266 2928 335 2976 sunt
348 2939 441 2978 rausae
457 2930 609 2976 causantes
623 2914 864 2984 involuntarium,
878 2913 939 2971 sive
948 2912 1004 2970 irn-

64 2997 219 3074 pedientes
235 2996 456 3056 voluntarium?

102 3077 198 3136 VlIl.
231 3079 264 3136 R.
295 3078 398 3137 Solent
432 3079 573 3155 assignari
598 3078 643 3135 hae
666 3085 813 3154 quatuor:
854 3073 1004 3143 violentia,

64 3169 170 3227 metus,
194 3158 360 3236 ignorantia
374 3170 403 3217 et
418 3158 663 3236 concupiscentia.

103 3239 156 3298 IX.
182 3241 333 3297 Dicuntur
348 3260 467 3298 causare
480 3238 713 3297 involuntarium
726 3235 784 3294 hoc
800 3253 899 3303 sensu,
924 3232 1004 3311 quod

64 3319 120 3378 sint
135 3337 242 3387 causae,
257 3330 290 3376 ut
300 3329 427 3396 ponatur
438 3318 480 3388 id,
496 3319 576 3396 quod
587 3319 724 3377 voluntas
736 3313 857 3373 aliunde
867 3334 927 3371 non
942 3312 1007 3370 vult

64 3411 93 3458 et
105 3409 274 3457 aversatur:
291 3420 351 3456 non
361 3410 458 3458 autem
470 3399 526 3456 hoc
539 3419 635 3469 sensu,
651 3396 734 3476 quasi
746 3405 900 3453 causarent
912 3394 1005 3472 ipsam

65 3478 366 3551 involuntareitatem‚
382 3499 433 3537 seu
447 3491 531 3537 actus
541 3479 606 3537 illos
621 3500 673 3557 per
685 3496 759 3555 quos
774 3475 912 3532 voluntas
926 3473 992 3530 rei'u

64 3559 107 3636 git
120 3559 164 3628 id,
180 3559 262 3637 quod
275 3560 417 3638 ponitur3
432 3579 499 3617 narn
525 3559 581 3617 ista
605 3555 848 3617 involuntareitas
869 3552 993 3632 proveni

64 3638 193 3710 aliunde,
206 3659 242 3698 ex
252 3642 365 3717 pravio
375 3640 486 3698 scilicet
495 3660 593 3698 amore
603 3639 649 3698 vel
660 3637 767 3698 affectu
777 3633 817 3692 ad
823 3634 995 3714 oppositum

493 3805 551 3861 ui
