<?xml version="1.0" encoding="UTF-8"?>
<!DOCTYPE html PUBLIC "-//W3C//DTD XHTML 1.0 Transitional//EN"
    "http://www.w3.org/TR/xhtml1/DTD/xhtml1-transitional.dtd">
<html xmlns="http://www.w3.org/1999/xhtml" xml:lang="en" lang="en">
 <head>
  <title>
</title>
<meta http-equiv="Content-Type" content="text/html;charset=utf-8" />
  <meta name='ocr-system' content='tesseract 3.04.00' />
  <meta name='ocr-capabilities' content='ocr_page ocr_carea ocr_par ocr_line ocrx_word'/>
</head>
<body>
  <div class='ocr_page' id='page_1' title='image "./theologiamorali00densgoog_0163.png"; bbox 0 0 2160 4072; ppageno 0'>
   <div class='ocr_carea' id='block_1_1' title="bbox 500 114 799 162">
    <p class='ocr_par' dir='ltr' id='par_1_1' title="bbox 500 114 799 162">
     <span class='ocr_line' id='line_1_1' title="bbox 500 114 799 162; baseline 0.007 -1"><span class='ocrx_word' id='word_1_1' title='bbox 500 118 699 162; x_wconf 72' lang='lat' dir='ltr'><strong>rnacra&#39;ws</strong></span> <span class='ocrx_word' id='word_1_2' title='bbox 796 114 799 121; x_wconf 78' lang='lat'>&#39;</span> 
     </span>
    </p>
   </div>
   <div class='ocr_carea' id='block_1_2' title="bbox 74 258 1072 505">
    <p class='ocr_par' dir='ltr' id='par_1_2' title="bbox 74 258 1072 505">
     <span class='ocr_line' id='line_1_2' title="bbox 74 258 1072 344; baseline 0 -22"><span class='ocrx_word' id='word_1_3' title='bbox 74 272 81 288; x_wconf 90' lang='lat'><em>&#39;</em></span> <span class='ocrx_word' id='word_1_4' title='bbox 135 258 291 342; x_wconf 76' lang='lat' dir='ltr'><strong>peccatum</strong></span> <span class='ocrx_word' id='word_1_5' title='bbox 302 263 417 324; x_wconf 84' lang='lat' dir='ltr'><strong>reniale</strong></span> <span class='ocrx_word' id='word_1_6' title='bbox 428 264 546 344; x_wconf 82' lang='lat' dir='ltr'><strong>injusto</strong></span> <span class='ocrx_word' id='word_1_7' title='bbox 556 265 702 323; x_wconf 81' lang='lat' dir='ltr'><strong>referatur</strong></span> <span class='ocrx_word' id='word_1_8' title='bbox 712 261 992 324; x_wconf 81' lang='lat' dir='ltr'><strong>habitualitarinlle</strong></span> <span class='ocrx_word' id='word_1_9' title='bbox 1065 280 1072 316; x_wconf 85' lang='lat' dir='ltr'><strong>t</strong></span> 
     </span>
     <span class='ocr_line' id='line_1_3' title="bbox 174 344 999 424; baseline 0 -21"><span class='ocrx_word' id='word_1_10' title='bbox 174 344 211 403; x_wconf 74' lang='lat' dir='ltr'><strong>R.</strong></span> <span class='ocrx_word' id='word_1_11' title='bbox 220 345 301 418; x_wconf 88' lang='lat' dir='ltr'><strong>Quia</strong></span> <span class='ocrx_word' id='word_1_12' title='bbox 308 348 464 422; x_wconf 81' lang='lat' dir='ltr'><strong>peccatum</strong></span> <span class='ocrx_word' id='word_1_13' title='bbox 474 345 588 404; x_wconf 86' lang='lat' dir='ltr'><strong>veniale</strong></span> <span class='ocrx_word' id='word_1_14' title='bbox 600 346 629 402; x_wconf 91' lang='lat' dir='ltr'><strong>in</strong></span> <span class='ocrx_word' id='word_1_15' title='bbox 637 346 721 424; x_wconf 88' lang='lat' dir='ltr'><strong>justo</strong></span> <span class='ocrx_word' id='word_1_16' title='bbox 731 344 823 404; x_wconf 88' lang='lat' dir='ltr'><strong>habet</strong></span> <span class='ocrx_word' id='word_1_17' title='bbox 831 345 999 404; x_wconf 62' lang='lat' dir='ltr'><strong>concernunt</strong></span> 
     </span>
     <span class='ocr_line' id='line_1_4' title="bbox 134 423 1072 505; baseline 0.002 -24"><span class='ocrx_word' id='word_1_18' title='bbox 134 423 269 483; x_wconf 88' lang='lat' dir='ltr'><strong>habiturn</strong></span> <span class='ocrx_word' id='word_1_19' title='bbox 281 424 442 498; x_wconf 84' lang='lat' dir='ltr'><strong>charitatis,</strong></span> <span class='ocrx_word' id='word_1_20' title='bbox 453 426 506 505; x_wconf 90' lang='lat' dir='ltr'><strong>qui</strong></span> <span class='ocrx_word' id='word_1_21' title='bbox 517 432 622 484; x_wconf 81' lang='lat' dir='ltr'><strong>naturt</strong></span> <span class='ocrx_word' id='word_1_22' title='bbox 638 431 690 484; x_wconf 82' lang='lat' dir='ltr'><strong>sut</strong></span> <span class='ocrx_word' id='word_1_23' title='bbox 705 424 804 505; x_wconf 86' lang='lat' dir='ltr'><strong>omnia</strong></span> <span class='ocrx_word' id='word_1_24' title='bbox 816 425 947 484; x_wconf 83' lang='lat' dir='ltr'><strong>refertin</strong></span> <span class='ocrx_word' id='word_1_25' title='bbox 960 425 985 483; x_wconf 92' lang='lat' dir='ltr'>D</span> <span class='ocrx_word' id='word_1_26' title='bbox 1070 448 1072 495; x_wconf 68' lang='lat' dir='ltr'><strong>l</strong></span> 
     </span>
    </p>
   </div>
   <div class='ocr_carea' id='block_1_3' title="bbox 136 540 1029 759">
    <p class='ocr_par' dir='ltr' id='par_1_3' title="bbox 136 540 1071 761">
     <span class='ocr_line' id='line_1_5' title="bbox 136 540 1029 646; baseline 0 -3"><span class='ocrx_word' id='word_1_27' title='bbox 136 586 174 644; x_wconf 77' lang='lat' dir='ltr'><strong>u.</strong></span> <span class='ocrx_word' id='word_1_28' title='bbox 190 593 218 646; x_wconf 82' lang='lat'><strong>5.</strong></span> <span class='ocrx_word' id='word_1_29' title='bbox 248 588 305 646; x_wconf 79' lang='lat' dir='ltr'><strong>na</strong></span> <span class='ocrx_word' id='word_1_30' title='bbox 321 587 515 646; x_wconf 74' lang='lat' dir='ltr'><strong>sanctam</strong></span> <span class='ocrx_word' id='word_1_31' title='bbox 533 586 726 645; x_wconf 74' lang='lat' dir='ltr'><strong>peccaro</strong></span> <span class='ocrx_word' id='word_1_32' title='bbox 743 584 940 645; x_wconf 73' lang='lat' dir='ltr'><strong>nontam</strong></span> <span class='ocrx_word' id='word_1_33' title='bbox 955 585 1002 643; x_wconf 76' lang='lat' dir='ltr'><strong>nr</strong></span> <span class='ocrx_word' id='word_1_34' title='bbox 1026 540 1029 549; x_wconf 45' lang='lat'><strong>¹</strong></span> 
     </span>
     <span class='ocr_line' id='line_1_6' title="bbox 251 666 960 759; baseline -0.006 -32"><span class='ocrx_word' id='word_1_35' title='bbox 251 666 960 759; x_wconf 72' lang='lat' dir='ltr'><strong>onannrsunrmrmcasarum.</strong></span> 
     </span>
    </p>
   </div>
   <div class='ocr_carea' id='block_1_4' title="bbox 135 821 1034 985">
    <p class='ocr_par' dir='ltr' id='par_1_4' title="bbox 135 821 1034 985">
     <span class='ocr_line' id='line_1_7' title="bbox 135 821 1034 906; baseline -0.002 -22"><span class='ocrx_word' id='word_1_36' title='bbox 135 826 162 885; x_wconf 89' lang='lat'><strong>1.</strong></span> <span class='ocrx_word' id='word_1_37' title='bbox 193 825 294 898; x_wconf 78' lang='lat' dir='ltr'><strong>Casus,</strong></span> <span class='ocrx_word' id='word_1_38' title='bbox 319 827 348 884; x_wconf 82' lang='lat' dir='ltr'><strong>ia</strong></span> <span class='ocrx_word' id='word_1_39' title='bbox 370 827 469 906; x_wconf 80' lang='lat' dir='ltr'><strong>quidus</strong></span> <span class='ocrx_word' id='word_1_40' title='bbox 495 835 627 904; x_wconf 79' lang='lat' dir='ltr'><strong>peccator</strong></span> <span class='ocrx_word' id='word_1_41' title='bbox 652 825 806 884; x_wconf 78' lang='lat' dir='ltr'><em>mortaliter</em></span> <span class='ocrx_word' id='word_1_42' title='bbox 832 825 941 883; x_wconf 80' lang='lat' dir='ltr'><strong>ratione</strong></span> <span class='ocrx_word' id='word_1_43' title='bbox 955 821 1034 898; x_wconf 76' lang='lat' dir='ltr'><strong>finit&#39;</strong></span> 
     </span>
     <span class='ocr_line' id='line_1_8' title="bbox 177 902 1031 985; baseline -0.001 -23"><span class='ocrx_word' id='word_1_44' title='bbox 177 916 318 966; x_wconf 83' lang='lat' dir='ltr'><strong>creatura.</strong></span> <span class='ocrx_word' id='word_1_45' title='bbox 361 907 402 965; x_wconf 95' lang='lat' dir='ltr'><strong>ll.</strong></span> <span class='ocrx_word' id='word_1_46' title='bbox 430 907 528 964; x_wconf 80' lang='lat' dir='ltr'><strong>Prona</strong></span> <span class='ocrx_word' id='word_1_47' title='bbox 556 905 702 985; x_wconf 72' lang='lat' dir='ltr'><strong>disposito</strong></span> <span class='ocrx_word' id='word_1_48' title='bbox 726 905 848 963; x_wconf 79' lang='lat' dir='ltr'><strong>actualis</strong></span> <span class='ocrx_word' id='word_1_49' title='bbox 871 903 915 961; x_wconf 87' lang='lat' dir='ltr'><strong>vel</strong></span> <span class='ocrx_word' id='word_1_50' title='bbox 937 902 1031 962; x_wconf 79' lang='lat' dir='ltr'><strong>oirttu¹</strong></span> 
     </span>
    </p>
   </div>
   <div class='ocr_carea' id='block_1_5' title="bbox 178 984 570 1046">
    <p class='ocr_par' dir='ltr' id='par_1_5' title="bbox 178 984 570 1046">
     <span class='ocr_line' id='line_1_9' title="bbox 178 984 570 1046; baseline -0.003 -4"><span class='ocrx_word' id='word_1_51' title='bbox 178 984 238 1044; x_wconf 85' lang='lat' dir='ltr'><strong>Ill.</strong></span> <span class='ocrx_word' id='word_1_52' title='bbox 255 986 318 1046; x_wconf 80' lang='lat' dir='ltr'><strong>Nou</strong></span> <span class='ocrx_word' id='word_1_53' title='bbox 330 988 396 1044; x_wconf 78' lang='lat' dir='ltr'><strong>vero</strong></span> <span class='ocrx_word' id='word_1_54' title='bbox 409 984 570 1044; x_wconf 77' lang='lat' dir='ltr'><strong>habitualis.</strong></span> 
     </span>
    </p>
   </div>
   <div class='ocr_carea' id='block_1_6' title="bbox 109 1145 1072 3883">
    <p class='ocr_par' dir='ltr' id='par_1_6' title="bbox 137 1145 1007 1368">
     <span class='ocr_line' id='line_1_10' title="bbox 140 1145 999 1224; baseline -0.005 -18"><span class='ocrx_word' id='word_1_55' title='bbox 140 1175 149 1187; x_wconf 91' lang='lat'>-</span> <span class='ocrx_word' id='word_1_56' title='bbox 176 1147 459 1221; x_wconf 83' lang='lat' dir='ltr'><strong>QUANDONAM</strong></span> <span class='ocrx_word' id='word_1_57' title='bbox 484 1146 573 1206; x_wconf 91' lang='lat' dir='ltr'><strong>homo</strong></span> <span class='ocrx_word' id='word_1_58' title='bbox 606 1145 732 1224; x_wconf 85' lang='lat' dir='ltr'><strong>speciale</strong></span> <span class='ocrx_word' id='word_1_59' title='bbox 762 1154 919 1224; x_wconf 83' lang='lat' dir='ltr'><strong>peccatum</strong></span> <span class='ocrx_word' id='word_1_60' title='bbox 953 1164 999 1202; x_wconf 89' lang='lat' dir='ltr'><strong>mo</strong></span> 
     </span>
     <span class='ocr_line' id='line_1_11' title="bbox 137 1225 1007 1306; baseline -0.003 -20"><span class='ocrx_word' id='word_1_61' title='bbox 137 1227 296 1286; x_wconf 80' lang='lat' dir='ltr'><strong>committit</strong></span> <span class='ocrx_word' id='word_1_62' title='bbox 308 1247 345 1286; x_wconf 81' lang='lat' dir='ltr'><strong>ex</strong></span> <span class='ocrx_word' id='word_1_63' title='bbox 358 1248 396 1286; x_wconf 93' lang='lat' dir='ltr'><strong>eo</strong></span> <span class='ocrx_word' id='word_1_64' title='bbox 411 1227 544 1305; x_wconf 70' lang='lat' dir='ltr'><strong>praecise,</strong></span> <span class='ocrx_word' id='word_1_65' title='bbox 566 1227 647 1306; x_wconf 73' lang='lat' dir='ltr'><strong>quid</strong></span> <span class='ocrx_word' id='word_1_66' title='bbox 660 1227 747 1285; x_wconf 85' lang='lat' dir='ltr'><strong>finem</strong></span> <span class='ocrx_word' id='word_1_67' title='bbox 762 1225 904 1285; x_wconf 87' lang='lat' dir='ltr'><strong>ultimum</strong></span> <span class='ocrx_word' id='word_1_68' title='bbox 919 1225 1007 1283; x_wconf 85' lang='lat' dir='ltr'><strong>consti</strong></span> 
     </span>
     <span class='ocr_line' id='line_1_12' title="bbox 137 1307 950 1368; baseline 0.002 -4"><span class='ocrx_word' id='word_1_69' title='bbox 137 1307 169 1364; x_wconf 94' lang='lat' dir='ltr'><strong>in</strong></span> <span class='ocrx_word' id='word_1_70' title='bbox 183 1312 343 1368; x_wconf 80' lang='lat' dir='ltr'><strong>creaturt?</strong></span> <span class='ocrx_word' id='word_1_71' title='bbox 616 1328 618 1332; x_wconf 89' lang='lat'>·</span> <span class='ocrx_word' id='word_1_72' title='bbox 947 1324 950 1328; x_wconf 68' lang='grc'><strong>“</strong></span> 
     </span>
    </p>

    <p class='ocr_par' dir='ltr' id='par_1_7' title="bbox 137 1384 1072 1706">
     <span class='ocr_line' id='line_1_13' title="bbox 178 1384 1008 1464; baseline -0.006 -18"><span class='ocrx_word' id='word_1_73' title='bbox 178 1389 202 1447; x_wconf 93' lang='lat'><strong>1.</strong></span> <span class='ocrx_word' id='word_1_74' title='bbox 218 1388 252 1446; x_wconf 76' lang='lat' dir='ltr'><strong>lt</strong></span> <span class='ocrx_word' id='word_1_75' title='bbox 269 1389 397 1447; x_wconf 85' lang='lat' dir='ltr'><strong>Duobus</strong></span> <span class='ocrx_word' id='word_1_76' title='bbox 411 1387 528 1447; x_wconf 78' lang='lat' dir='ltr'><strong>casibus</strong></span> <span class='ocrx_word' id='word_1_77' title='bbox 537 1411 546 1459; x_wconf 83' lang='lat'>3</span> <span class='ocrx_word' id='word_1_78' title='bbox 567 1387 673 1464; x_wconf 78' lang='lat' dir='ltr'><strong>primo,</strong></span> <span class='ocrx_word' id='word_1_79' title='bbox 688 1385 812 1464; x_wconf 89' lang='lat' dir='ltr'><strong>quando</strong></span> <span class='ocrx_word' id='word_1_80' title='bbox 831 1384 900 1463; x_wconf 89' lang='lat' dir='ltr'><strong>quis</strong></span> <span class='ocrx_word' id='word_1_81' title='bbox 911 1393 1008 1442; x_wconf 85' lang='lat' dir='ltr'><strong>creatu</strong></span> 
     </span>
     <span class='ocr_line' id='line_1_14' title="bbox 137 1467 1009 1549; baseline -0.008 -21"><span class='ocrx_word' id='word_1_82' title='bbox 137 1468 291 1549; x_wconf 77' lang='lat' dir='ltr'><strong>aequaliter</strong></span> <span class='ocrx_word' id='word_1_83' title='bbox 305 1468 352 1527; x_wconf 87' lang='lat' dir='ltr'><strong>vel</strong></span> <span class='ocrx_word' id='word_1_84' title='bbox 366 1469 436 1547; x_wconf 86' lang='lat' dir='ltr'><strong>plus</strong></span> <span class='ocrx_word' id='word_1_85' title='bbox 449 1479 537 1538; x_wconf 82' lang='lat' dir='ltr'><strong>amat,</strong></span> <span class='ocrx_word' id='word_1_86' title='bbox 553 1471 642 1544; x_wconf 77' lang='lat' dir='ltr'><strong>quam</strong></span> <span class='ocrx_word' id='word_1_87' title='bbox 656 1468 747 1526; x_wconf 90' lang='lat' dir='ltr'><strong>homo</strong></span> <span class='ocrx_word' id='word_1_88' title='bbox 757 1467 857 1545; x_wconf 84' lang='lat' dir='ltr'><strong>justus</strong></span> <span class='ocrx_word' id='word_1_89' title='bbox 871 1475 1009 1522; x_wconf 80' lang='lat' dir='ltr'><strong>amatam</strong></span> 
     </span>
     <span class='ocr_line' id='line_1_15' title="bbox 137 1544 1033 1623; baseline -0.008 -15"><span class='ocrx_word' id='word_1_90' title='bbox 137 1552 206 1608; x_wconf 87' lang='lat' dir='ltr'><strong>beat</strong></span> <span class='ocrx_word' id='word_1_91' title='bbox 219 1568 317 1607; x_wconf 86' lang='lat' dir='ltr'><strong>amare</strong></span> <span class='ocrx_word' id='word_1_92' title='bbox 332 1550 454 1619; x_wconf 87' lang='lat' dir='ltr'><strong>Deum;</strong></span> <span class='ocrx_word' id='word_1_93' title='bbox 481 1567 549 1606; x_wconf 83' lang='lat' dir='ltr'><strong>nam</strong></span> <span class='ocrx_word' id='word_1_94' title='bbox 575 1559 708 1606; x_wconf 87' lang='lat' dir='ltr'><strong>creatura</strong></span> <span class='ocrx_word' id='word_1_95' title='bbox 728 1567 789 1605; x_wconf 87' lang='lat' dir='ltr'><strong>non</strong></span> <span class='ocrx_word' id='word_1_96' title='bbox 809 1556 854 1605; x_wconf 89' lang='lat' dir='ltr'><strong>est</strong></span> <span class='ocrx_word' id='word_1_97' title='bbox 879 1544 971 1623; x_wconf 78' lang='lat' dir='ltr'><strong>digna</strong></span> <span class='ocrx_word' id='word_1_98' title='bbox 992 1556 1033 1602; x_wconf 86' lang='lat' dir='ltr'><strong>tan</strong></span> 
     </span>
     <span class='ocr_line' id='line_1_16' title="bbox 138 1627 1072 1706; baseline -0.003 -19"><span class='ocrx_word' id='word_1_99' title='bbox 138 1648 247 1699; x_wconf 84' lang='lat' dir='ltr'><strong>amore,</strong></span> <span class='ocrx_word' id='word_1_100' title='bbox 263 1629 314 1706; x_wconf 88' lang='lat' dir='ltr'><strong>qui</strong></span> <span class='ocrx_word' id='word_1_101' title='bbox 329 1627 384 1686; x_wconf 86' lang='lat' dir='ltr'><strong>soli</strong></span> <span class='ocrx_word' id='word_1_102' title='bbox 400 1630 469 1687; x_wconf 91' lang='lat' dir='ltr'><strong>Deo</strong></span> <span class='ocrx_word' id='word_1_103' title='bbox 481 1628 616 1686; x_wconf 80' lang='lat' dir='ltr'><strong>debetur.</strong></span> <span class='ocrx_word' id='word_1_104' title='bbox 1067 1689 1072 1695; x_wconf 61' lang='grc'><em>,</em></span> 
     </span>
    </p>

    <p class='ocr_par' dir='ltr' id='par_1_8' title="bbox 127 1704 1072 2268">
     <span class='ocr_line' id='line_1_17' title="bbox 178 1704 1067 1786; baseline -0.013 -18"><span class='ocrx_word' id='word_1_105' title='bbox 178 1711 290 1786; x_wconf 80' lang='lat' dir='ltr'>Agitur</span> <span class='ocrx_word' id='word_1_106' title='bbox 316 1719 414 1768; x_wconf 82' lang='lat' dir='ltr'><strong>autem</strong></span> <span class='ocrx_word' id='word_1_107' title='bbox 444 1709 481 1767; x_wconf 90' lang='lat' dir='ltr'><strong>de</strong></span> <span class='ocrx_word' id='word_1_108' title='bbox 505 1728 604 1766; x_wconf 91' lang='lat' dir='ltr'><strong>amore</strong></span> <span class='ocrx_word' id='word_1_109' title='bbox 627 1707 771 1778; x_wconf 87' lang='lat' dir='ltr'><strong>rationali,</strong></span> <span class='ocrx_word' id='word_1_110' title='bbox 792 1726 852 1765; x_wconf 86' lang='lat' dir='ltr'><strong>non</strong></span> <span class='ocrx_word' id='word_1_111' title='bbox 874 1705 913 1764; x_wconf 88' lang='lat' dir='ltr'><strong>de</strong></span> <span class='ocrx_word' id='word_1_112' title='bbox 927 1704 1036 1764; x_wconf 84' lang='lat' dir='ltr'><strong>sensitir</strong></span> <span class='ocrx_word' id='word_1_113' title='bbox 1065 1736 1067 1741; x_wconf 93' lang='lat'>-</span> 
     </span>
     <span class='ocr_line' id='line_1_18' title="bbox 138 1786 1061 1867; baseline -0.003 -20"><span class='ocrx_word' id='word_1_114' title='bbox 138 1787 256 1867; x_wconf 74' lang='lat' dir='ltr'><strong>qualem</strong></span> <span class='ocrx_word' id='word_1_115' title='bbox 270 1808 299 1846; x_wconf 86' lang='lat' dir='ltr'><strong>v.</strong></span> <span class='ocrx_word' id='word_1_116' title='bbox 324 1809 353 1867; x_wconf 81' lang='lat' dir='ltr'><strong>g.</strong></span> <span class='ocrx_word' id='word_1_117' title='bbox 367 1799 462 1846; x_wconf 85' lang='lat' dir='ltr'><strong>mater</strong></span> <span class='ocrx_word' id='word_1_118' title='bbox 476 1807 553 1867; x_wconf 72' lang='lat' dir='ltr'><strong>sape</strong></span> <span class='ocrx_word' id='word_1_119' title='bbox 563 1789 626 1847; x_wconf 89' lang='lat' dir='ltr'><strong>sine</strong></span> <span class='ocrx_word' id='word_1_120' title='bbox 636 1787 697 1847; x_wconf 88' lang='lat' dir='ltr'><strong>ulla</strong></span> <span class='ocrx_word' id='word_1_121' title='bbox 709 1787 798 1865; x_wconf 87' lang='lat' dir='ltr'><strong>culpa</strong></span> <span class='ocrx_word' id='word_1_122' title='bbox 814 1786 905 1845; x_wconf 84' lang='lat' dir='ltr'><strong>sentit</strong></span> <span class='ocrx_word' id='word_1_123' title='bbox 927 1805 1024 1864; x_wconf 80' lang='lat' dir='ltr'><strong>ergap</strong></span> <span class='ocrx_word' id='word_1_124' title='bbox 1058 1850 1061 1855; x_wconf 59' lang='grc'>,</span> 
     </span>
     <span class='ocr_line' id='line_1_19' title="bbox 137 1869 1061 1947; baseline -0.009 -21"><span class='ocrx_word' id='word_1_125' title='bbox 137 1870 205 1939; x_wconf 89' lang='lat' dir='ltr'><strong>lem,</strong></span> <span class='ocrx_word' id='word_1_126' title='bbox 220 1888 280 1928; x_wconf 90' lang='lat' dir='ltr'><strong>non</strong></span> <span class='ocrx_word' id='word_1_127' title='bbox 293 1889 365 1947; x_wconf 84' lang='lat' dir='ltr'><strong>erga</strong></span> <span class='ocrx_word' id='word_1_128' title='bbox 380 1869 488 1926; x_wconf 90' lang='lat' dir='ltr'><strong>Deum.</strong></span> <span class='ocrx_word' id='word_1_129' title='bbox 1052 1872 1061 1899; x_wconf 89' lang='lat'><strong>·&#39;</strong></span> 
     </span>
     <span class='ocr_line' id='line_1_20' title="bbox 142 1926 1062 2026; baseline -0.01 -17"><span class='ocrx_word' id='word_1_130' title='bbox 142 1965 157 1986; x_wconf 88' lang='grc'><strong>-’</strong></span> <span class='ocrx_word' id='word_1_131' title='bbox 178 1949 219 2008; x_wconf 78' lang='lat'><strong>2⁰.</strong></span> <span class='ocrx_word' id='word_1_132' title='bbox 235 1950 364 2024; x_wconf 85' lang='lat' dir='ltr'><strong>Quando</strong></span> <span class='ocrx_word' id='word_1_133' title='bbox 382 1959 517 2007; x_wconf 87' lang='lat' dir='ltr'><strong>creatura</strong></span> <span class='ocrx_word' id='word_1_134' title='bbox 530 1949 567 2005; x_wconf 88' lang='lat' dir='ltr'><strong>ab</strong></span> <span class='ocrx_word' id='word_1_135' title='bbox 586 1948 706 2006; x_wconf 87' lang='lat' dir='ltr'><strong>homine</strong></span> <span class='ocrx_word' id='word_1_136' title='bbox 719 1955 908 2026; x_wconf 87' lang='lat' dir='ltr'><strong>comparatur</strong></span> <span class='ocrx_word' id='word_1_137' title='bbox 917 1945 957 2005; x_wconf 88' lang='lat' dir='ltr'><strong>ad</strong></span> <span class='ocrx_word' id='word_1_138' title='bbox 968 1926 1062 2010; x_wconf 70' lang='lat' dir='ltr'><strong>Deunl</strong></span> 
     </span>
     <span class='ocr_line' id='line_1_21' title="bbox 137 1998 1072 2113; baseline -0.004 -26"><span class='ocrx_word' id='word_1_139' title='bbox 137 2029 221 2090; x_wconf 81' lang='lat' dir='ltr'><strong>etsie</strong></span> <span class='ocrx_word' id='word_1_140' title='bbox 234 2031 433 2109; x_wconf 75' lang='lat' dir='ltr'><strong>comparative</strong></span> <span class='ocrx_word' id='word_1_141' title='bbox 447 2031 515 2088; x_wconf 88' lang='lat' dir='ltr'><strong>Deo</strong></span> <span class='ocrx_word' id='word_1_142' title='bbox 528 2031 695 2107; x_wconf 81' lang='lat' dir='ltr'><strong>praefertur,</strong></span> <span class='ocrx_word' id='word_1_143' title='bbox 719 2029 781 2087; x_wconf 88' lang='lat' dir='ltr'><strong>sive</strong></span> <span class='ocrx_word' id='word_1_144' title='bbox 804 2027 967 2105; x_wconf 82' lang='lat' dir='ltr'><strong>plusquam</strong></span> <span class='ocrx_word' id='word_1_145' title='bbox 993 1998 1072 2113; x_wconf 57' lang='lat' dir='ltr'><strong>Deci}</strong></span> 
     </span>
     <span class='ocr_line' id='line_1_22' title="bbox 127 2120 773 2169; baseline -0.001 -3"><span class='ocrx_word' id='word_1_146' title='bbox 127 2120 256 2169; x_wconf 85' lang='lat' dir='ltr'><strong>amatur.</strong></span> <span class='ocrx_word' id='word_1_147' title='bbox 769 2134 773 2143; x_wconf 90' lang='lat'>·</span> 
     </span>
     <span class='ocr_line' id='line_1_23' title="bbox 175 2181 1063 2268; baseline -0.006 -23"><span class='ocrx_word' id='word_1_148' title='bbox 175 2187 216 2247; x_wconf 89' lang='grc' dir='ltr'><strong>ΙΙ.</strong></span> <span class='ocrx_word' id='word_1_149' title='bbox 235 2188 394 2265; x_wconf 84' lang='lat' dir='ltr'><strong>Colligitur</strong></span> <span class='ocrx_word' id='word_1_150' title='bbox 414 2209 573 2268; x_wconf 87' lang='lat' dir='ltr'><strong>perversus</strong></span> <span class='ocrx_word' id='word_1_151' title='bbox 598 2187 650 2246; x_wconf 87' lang='lat' dir='ltr'><strong>ille</strong></span> <span class='ocrx_word' id='word_1_152' title='bbox 671 2189 790 2247; x_wconf 88' lang='lat' dir='ltr'><strong>animus</strong></span> <span class='ocrx_word' id='word_1_153' title='bbox 805 2207 843 2245; x_wconf 84' lang='lat' dir='ltr'><strong>ex</strong></span> <span class='ocrx_word' id='word_1_154' title='bbox 856 2206 902 2258; x_wconf 89' lang='lat' dir='ltr'><strong>eo,</strong></span> <span class='ocrx_word' id='word_1_155' title='bbox 916 2185 996 2265; x_wconf 81' lang='lat' dir='ltr'><strong>qudd</strong></span> <span class='ocrx_word' id='word_1_156' title='bbox 1008 2181 1063 2261; x_wconf 73' lang='lat' dir='ltr'><strong>quit}</strong></span> 
     </span>
    </p>

    <p class='ocr_par' dir='ltr' id='par_1_9' title="bbox 136 2264 1063 2347">
     <span class='ocr_line' id='line_1_24' title="bbox 136 2264 1063 2347; baseline -0.002 -21"><span class='ocrx_word' id='word_1_157' title='bbox 136 2268 292 2328; x_wconf 78' lang='lat' dir='ltr'><strong>actualiter</strong></span> <span class='ocrx_word' id='word_1_158' title='bbox 302 2269 348 2327; x_wconf 92' lang='lat' dir='ltr'><strong>vel</strong></span> <span class='ocrx_word' id='word_1_159' title='bbox 361 2270 526 2329; x_wconf 85' lang='lat' dir='ltr'><strong>virtualiter</strong></span> <span class='ocrx_word' id='word_1_160' title='bbox 536 2280 657 2347; x_wconf 86' lang='lat' dir='ltr'><strong>paratus</strong></span> <span class='ocrx_word' id='word_1_161' title='bbox 665 2269 703 2327; x_wconf 90' lang='lat' dir='ltr'><strong>sit</strong></span> <span class='ocrx_word' id='word_1_162' title='bbox 713 2268 897 2328; x_wconf 82' lang='lat' dir='ltr'><strong>committere</strong></span> <span class='ocrx_word' id='word_1_163' title='bbox 907 2264 1063 2345; x_wconf 74' lang='lat' dir='ltr'><strong>petiispr</strong></span> 
     </span>
    </p>

    <p class='ocr_par' dir='ltr' id='par_1_10' title="bbox 138 2338 1072 2591">
     <span class='ocr_line' id='line_1_25' title="bbox 139 2338 1071 2429; baseline -0.006 -23"><span class='ocrx_word' id='word_1_164' title='bbox 139 2359 236 2408; x_wconf 84' lang='lat' dir='ltr'><strong>catum</strong></span> <span class='ocrx_word' id='word_1_165' title='bbox 252 2350 384 2420; x_wconf 86' lang='lat' dir='ltr'><strong>mortale,</strong></span> <span class='ocrx_word' id='word_1_166' title='bbox 400 2352 489 2429; x_wconf 72' lang='lat' dir='ltr'><strong>quim</strong></span> <span class='ocrx_word' id='word_1_167' title='bbox 503 2351 585 2408; x_wconf 87' lang='lat' dir='ltr'><strong>illam</strong></span> <span class='ocrx_word' id='word_1_168' title='bbox 597 2360 761 2408; x_wconf 87' lang='lat' dir='ltr'><strong>creaturam</strong></span> <span class='ocrx_word' id='word_1_169' title='bbox 776 2349 929 2407; x_wconf 85' lang='lat' dir='ltr'><strong>deserere:</strong></span> <span class='ocrx_word' id='word_1_170' title='bbox 956 2367 984 2407; x_wconf 82' lang='lat' dir='ltr'><strong>v.</strong></span> <span class='ocrx_word' id='word_1_171' title='bbox 1004 2338 1071 2424; x_wconf 58' lang='lat' dir='ltr'><strong>gali.</strong></span> 
     </span>
     <span class='ocr_line' id='line_1_26' title="bbox 139 2429 1072 2507; baseline -0.004 -20"><span class='ocrx_word' id='word_1_172' title='bbox 139 2429 207 2507; x_wconf 88' lang='lat' dir='ltr'><strong>quis</strong></span> <span class='ocrx_word' id='word_1_173' title='bbox 220 2430 261 2488; x_wconf 90' lang='lat' dir='ltr'><strong>ita</strong></span> <span class='ocrx_word' id='word_1_174' title='bbox 271 2430 413 2488; x_wconf 88' lang='lat' dir='ltr'><strong>afficiatur</strong></span> <span class='ocrx_word' id='word_1_175' title='bbox 427 2452 498 2507; x_wconf 79' lang='lat' dir='ltr'><strong>erg-a</strong></span> <span class='ocrx_word' id='word_1_176' title='bbox 512 2430 610 2489; x_wconf 92' lang='lat' dir='ltr'><strong>lusum</strong></span> <span class='ocrx_word' id='word_1_177' title='bbox 622 2431 789 2489; x_wconf 87' lang='lat' dir='ltr'><strong>chartarum</strong></span> <span class='ocrx_word' id='word_1_178' title='bbox 802 2430 961 2506; x_wconf 85' lang='lat' dir='ltr'><strong>pictarum,</strong></span> <span class='ocrx_word' id='word_1_179' title='bbox 974 2434 1072 2491; x_wconf 63' lang='lat' dir='ltr'><strong>utne-&#39;r</strong></span> 
     </span>
     <span class='ocr_line' id='line_1_27' title="bbox 138 2496 1072 2591; baseline -0.006 -25"><span class='ocrx_word' id='word_1_180' title='bbox 138 2508 175 2567; x_wconf 91' lang='lat' dir='ltr'><strong>lit</strong></span> <span class='ocrx_word' id='word_1_181' title='bbox 186 2528 311 2587; x_wconf 78' lang='lat' dir='ltr'><strong>peccme</strong></span> <span class='ocrx_word' id='word_1_182' title='bbox 325 2511 497 2582; x_wconf 87' lang='lat' dir='ltr'><strong>mortaliter,</strong></span> <span class='ocrx_word' id='word_1_183' title='bbox 513 2513 601 2588; x_wconf 75' lang='lat' dir='ltr'><strong>quim</strong></span> <span class='ocrx_word' id='word_1_184' title='bbox 615 2510 700 2568; x_wconf 87' lang='lat' dir='ltr'><strong>illurn</strong></span> <span class='ocrx_word' id='word_1_185' title='bbox 714 2509 858 2579; x_wconf 85' lang='lat' dir='ltr'><strong>deserere,</strong></span> <span class='ocrx_word' id='word_1_186' title='bbox 873 2509 923 2567; x_wconf 84' lang='lat' dir='ltr'><strong>val</strong></span> <span class='ocrx_word' id='word_1_187' title='bbox 937 2527 1003 2567; x_wconf 82' lang='lat' dir='ltr'><strong>euro</strong></span> <span class='ocrx_word' id='word_1_188' title='bbox 1020 2496 1072 2591; x_wconf 63' lang='lat' dir='ltr'><strong>del</strong></span> 
     </span>
    </p>

    <p class='ocr_par' dir='ltr' id='par_1_11' title="bbox 140 2589 1072 2669">
     <span class='ocr_line' id='line_1_28' title="bbox 140 2589 1072 2669; baseline 0 -23"><span class='ocrx_word' id='word_1_189' title='bbox 140 2609 236 2648; x_wconf 88' lang='lat' dir='ltr'><strong>serere</strong></span> <span class='ocrx_word' id='word_1_190' title='bbox 244 2591 328 2660; x_wconf 90' lang='lat' dir='ltr'><strong>nolit,</strong></span> <span class='ocrx_word' id='word_1_191' title='bbox 344 2592 479 2669; x_wconf 86' lang='lat' dir='ltr'><strong>quamvis</strong></span> <span class='ocrx_word' id='word_1_192' title='bbox 491 2593 578 2650; x_wconf 88' lang='lat' dir='ltr'><strong>ctiam</strong></span> <span class='ocrx_word' id='word_1_193' title='bbox 593 2602 669 2649; x_wconf 87' lang='lat' dir='ltr'><strong>esset</strong></span> <span class='ocrx_word' id='word_1_194' title='bbox 684 2590 844 2649; x_wconf 80' lang='lat' dir='ltr'><strong>mortaliter</strong></span> <span class='ocrx_word' id='word_1_195' title='bbox 854 2589 960 2647; x_wconf 84' lang='lat' dir='ltr'><strong>malus.</strong></span> <span class='ocrx_word' id='word_1_196' title='bbox 1052 2596 1072 2667; x_wconf 53' lang='lat' dir='ltr'><strong>a</strong></span> 
     </span>
    </p>

    <p class='ocr_par' dir='ltr' id='par_1_12' title="bbox 138 2665 1072 3312">
     <span class='ocr_line' id='line_1_29' title="bbox 180 2667 1072 2811; baseline 0.002 -86"><span class='ocrx_word' id='word_1_197' title='bbox 180 2667 240 2728; x_wconf 86' lang='lat'>111.</span> <span class='ocrx_word' id='word_1_198' title='bbox 250 2671 369 2730; x_wconf 88' lang='lat' dir='ltr'><strong>Dicitur</strong></span> <span class='ocrx_word' id='word_1_199' title='bbox 384 2680 404 2707; x_wconf 85' lang='lat'><strong>“</strong></span> <span class='ocrx_word' id='word_1_200' title='bbox 418 2673 484 2749; x_wconf 89' lang='lat' dir='ltr'><strong>quis</strong></span> <span class='ocrx_word' id='word_1_201' title='bbox 498 2671 653 2730; x_wconf 85' lang='lat' dir='ltr'><strong>actualiter</strong></span> <span class='ocrx_word' id='word_1_202' title='bbox 662 2675 679 2695; x_wconf 75' lang='lat'><strong>&#39;³</strong></span> <span class='ocrx_word' id='word_1_203' title='bbox 693 2670 743 2728; x_wconf 87' lang='lat' dir='ltr'><strong>vel</strong></span> <span class='ocrx_word' id='word_1_204' title='bbox 752 2669 948 2728; x_wconf 82' lang='lat' dir='ltr'><strong>“virtualiter</strong></span> <span class='ocrx_word' id='word_1_205' title='bbox 957 2671 984 2740; x_wconf 90' lang='lat'><strong>,·”</strong></span> <span class='ocrx_word' id='word_1_206' title='bbox 997 2681 1072 2811; x_wconf 44' lang='lat' dir='ltr'><strong>qma</strong></span> 
     </span>
     <span class='ocr_line' id='line_1_30' title="bbox 139 2753 1019 2829; baseline 0 -23"><span class='ocrx_word' id='word_1_207' title='bbox 139 2757 171 2807; x_wconf 90' lang='lat' dir='ltr'><strong>ut</strong></span> <span class='ocrx_word' id='word_1_208' title='bbox 184 2754 263 2808; x_wconf 68' lang='lat' dir='ltr'><strong>recte</strong></span> <span class='ocrx_word' id='word_1_209' title='bbox 284 2763 390 2810; x_wconf 84' lang='lat' dir='ltr'><strong>notant</strong></span> <span class='ocrx_word' id='word_1_210' title='bbox 405 2753 544 2828; x_wconf 81' lang='lat' dir='ltr'><strong>Wiggers</strong></span> <span class='ocrx_word' id='word_1_211' title='bbox 571 2760 596 2809; x_wconf 91' lang='lat'><strong>1.</strong></span> <span class='ocrx_word' id='word_1_212' title='bbox 617 2759 645 2810; x_wconf 76' lang='grc'><strong>2.</strong></span> <span class='ocrx_word' id='word_1_213' title='bbox 670 2761 772 2829; x_wconf 86' lang='lat' dir='ltr'><strong>quaest.</strong></span> <span class='ocrx_word' id='word_1_214' title='bbox 793 2758 842 2808; x_wconf 90' lang='grc'><strong>88.</strong></span> <span class='ocrx_word' id='word_1_215' title='bbox 868 2768 952 2808; x_wconf 90' lang='lat' dir='ltr'><strong>num.</strong></span> <span class='ocrx_word' id='word_1_216' title='bbox 977 2757 1019 2817; x_wconf 80' lang='lat'><strong>89.</strong></span> 
     </span>
     <span class='ocr_line' id='line_1_31' title="bbox 140 2824 1061 2911; baseline -0.01 -21"><span class='ocrx_word' id='word_1_217' title='bbox 140 2831 284 2906; x_wconf 84' lang='lat' dir='ltr'><strong>Steyaert,</strong></span> <span class='ocrx_word' id='word_1_218' title='bbox 299 2832 471 2911; x_wconf 90' lang='lat' dir='ltr'><strong>hujusmodi</strong></span> <span class='ocrx_word' id='word_1_219' title='bbox 485 2831 639 2890; x_wconf 88' lang='lat' dir='ltr'><strong>infirmitas</strong></span> <span class='ocrx_word' id='word_1_220' title='bbox 663 2831 711 2890; x_wconf 90' lang='lat' dir='ltr'><strong>vel</strong></span> <span class='ocrx_word' id='word_1_221' title='bbox 731 2830 886 2910; x_wconf 87' lang='lat' dir='ltr'><strong>dispositio</strong></span> <span class='ocrx_word' id='word_1_222' title='bbox 898 2832 978 2888; x_wconf 68' lang='lat' dir='ltr'><strong>mere</strong></span> <span class='ocrx_word' id='word_1_223' title='bbox 994 2824 1061 2897; x_wconf 83' lang='lat' dir='ltr'><strong>habi·¹</strong></span> 
     </span>
     <span class='ocr_line' id='line_1_32' title="bbox 138 2909 1072 2973; baseline -0.006 -1"><span class='ocrx_word' id='word_1_224' title='bbox 138 2909 226 2972; x_wconf 76' lang='lat' dir='ltr'><strong>tuuis</strong></span> <span class='ocrx_word' id='word_1_225' title='bbox 238 2909 318 2973; x_wconf 84' lang='lat' dir='ltr'><strong>idem</strong></span> <span class='ocrx_word' id='word_1_226' title='bbox 331 2933 390 2971; x_wconf 94' lang='lat' dir='ltr'><strong>non</strong></span> <span class='ocrx_word' id='word_1_227' title='bbox 404 2912 476 2971; x_wconf 89' lang='lat' dir='ltr'><strong>facit</strong></span> <span class='ocrx_word' id='word_1_228' title='bbox 486 2935 494 2971; x_wconf 74' lang='grc' dir='ltr'><strong>ι</strong></span> <span class='ocrx_word' id='word_1_229' title='bbox 505 2913 569 2970; x_wconf 83' lang='lat' dir='ltr'><strong>haec</strong></span> <span class='ocrx_word' id='word_1_230' title='bbox 583 2916 662 2970; x_wconf 90' lang='lat' dir='ltr'><strong>enim</strong></span> <span class='ocrx_word' id='word_1_231' title='bbox 675 2911 792 2970; x_wconf 91' lang='lat' dir='ltr'><strong>nullum</strong></span> <span class='ocrx_word' id='word_1_232' title='bbox 807 2909 970 2969; x_wconf 87' lang='lat' dir='ltr'><strong>voluntatis</strong></span> <span class='ocrx_word' id='word_1_233' title='bbox 982 2920 1072 2966; x_wconf 57' lang='lat' dir='ltr'><strong>aaut</strong></span> 
     </span>
     <span class='ocr_line' id='line_1_33' title="bbox 139 2980 1072 3069; baseline -0.004 -21"><span class='ocrx_word' id='word_1_234' title='bbox 139 3009 204 3048; x_wconf 88' lang='lat' dir='ltr'><strong>sum</strong></span> <span class='ocrx_word' id='word_1_235' title='bbox 229 2993 375 3065; x_wconf 83' lang='lat' dir='ltr'><strong>includit3</strong></span> <span class='ocrx_word' id='word_1_236' title='bbox 395 3012 484 3051; x_wconf 88' lang='lat' dir='ltr'><strong>nemo</strong></span> <span class='ocrx_word' id='word_1_237' title='bbox 497 3003 606 3065; x_wconf 87' lang='lat' dir='ltr'><strong>autem,</strong></span> <span class='ocrx_word' id='word_1_238' title='bbox 625 3004 660 3052; x_wconf 94' lang='lat' dir='ltr'><strong>ut</strong></span> <span class='ocrx_word' id='word_1_239' title='bbox 680 2992 768 3050; x_wconf 89' lang='lat' dir='ltr'><strong>docet</strong></span> <span class='ocrx_word' id='word_1_240' title='bbox 789 2993 916 3069; x_wconf 83' lang='lat' dir='ltr'><strong>S.·Aug.</strong></span> <span class='ocrx_word' id='word_1_241' title='bbox 931 2980 1072 3048; x_wconf 64' lang='lat' dir='ltr'><strong>lineat</strong></span> 
     </span>
     <span class='ocr_line' id='line_1_34' title="bbox 140 3064 1072 3152; baseline -0.005 -24"><span class='ocrx_word' id='word_1_242' title='bbox 140 3071 327 3133; x_wconf 76' lang='lat' dir='ltr'><strong>Bonifatium</strong></span> <span class='ocrx_word' id='word_1_243' title='bbox 341 3093 405 3151; x_wconf 90' lang='lat' dir='ltr'><strong>cap.</strong></span> <span class='ocrx_word' id='word_1_244' title='bbox 426 3081 454 3140; x_wconf 84' lang='lat'><strong>7.</strong></span> <span class='ocrx_word' id='word_1_245' title='bbox 482 3073 673 3133; x_wconf 82' lang='lat' dir='ltr'><strong>damnabitur</strong></span> <span class='ocrx_word' id='word_1_246' title='bbox 685 3081 808 3152; x_wconf 85' lang='lat' dir='ltr'><strong>propter</strong></span> <span class='ocrx_word' id='word_1_247' title='bbox 825 3081 959 3149; x_wconf 83' lang='lat' dir='ltr'><strong>peccata,</strong></span> <span class='ocrx_word' id='word_1_248' title='bbox 970 3064 1072 3149; x_wconf 73' lang='lat' dir='ltr'><strong>querit</strong></span> 
     </span>
     <span class='ocr_line' id='line_1_35' title="bbox 139 3150 1072 3231; baseline -0.001 -23"><span class='ocrx_word' id='word_1_249' title='bbox 139 3150 318 3228; x_wconf 85' lang='lat' dir='ltr'><strong>quibusdam</strong></span> <span class='ocrx_word' id='word_1_250' title='bbox 342 3153 547 3214; x_wconf 83' lang='lat' dir='ltr'><strong>occasionibus</strong></span> <span class='ocrx_word' id='word_1_251' title='bbox 559 3154 680 3224; x_wconf 86' lang='lat' dir='ltr'><strong>faceret,</strong></span> <span class='ocrx_word' id='word_1_252' title='bbox 709 3153 761 3212; x_wconf 87' lang='lat' dir='ltr'><strong>sed</strong></span> <span class='ocrx_word' id='word_1_253' title='bbox 787 3161 912 3231; x_wconf 86' lang='lat' dir='ltr'><strong>propter</strong></span> <span class='ocrx_word' id='word_1_254' title='bbox 931 3151 991 3220; x_wconf 81' lang='lat' dir='ltr'><strong>illa,</strong></span> <span class='ocrx_word' id='word_1_255' title='bbox 1011 3162 1072 3226; x_wconf 67' lang='lat' dir='ltr'><strong>qut</strong></span> 
     </span>
     <span class='ocr_line' id='line_1_36' title="bbox 138 3233 598 3312; baseline 0.004 -22"><span class='ocrx_word' id='word_1_256' title='bbox 138 3233 218 3305; x_wconf 86' lang='lat' dir='ltr'><strong>fecit,</strong></span> <span class='ocrx_word' id='word_1_257' title='bbox 234 3235 283 3294; x_wconf 86' lang='lat' dir='ltr'><strong>rel</strong></span> <span class='ocrx_word' id='word_1_258' title='bbox 294 3237 393 3295; x_wconf 78' lang='lat' dir='ltr'><strong>facere</strong></span> <span class='ocrx_word' id='word_1_259' title='bbox 410 3247 531 3312; x_wconf 84' lang='lat' dir='ltr'><strong>paratus</strong></span> <span class='ocrx_word' id='word_1_260' title='bbox 545 3246 598 3292; x_wconf 88' lang='lat' dir='ltr'><strong>est.</strong></span> 
     </span>
    </p>

    <p class='ocr_par' dir='ltr' id='par_1_13' title="bbox 138 3310 1072 3696">
     <span class='ocr_line' id='line_1_37' title="bbox 181 3310 1072 3393; baseline -0.002 -21"><span class='ocrx_word' id='word_1_261' title='bbox 181 3314 310 3377; x_wconf 88' lang='lat' dir='ltr'><strong>Proinde</strong></span> <span class='ocrx_word' id='word_1_262' title='bbox 320 3315 370 3374; x_wconf 88' lang='lat' dir='ltr'><strong>hic</strong></span> <span class='ocrx_word' id='word_1_263' title='bbox 379 3315 544 3374; x_wconf 90' lang='lat' dir='ltr'><strong>notandum</strong></span> <span class='ocrx_word' id='word_1_264' title='bbox 552 3315 709 3393; x_wconf 85' lang='lat' dir='ltr'><strong>propraxi‚</strong></span> <span class='ocrx_word' id='word_1_265' title='bbox 721 3312 803 3393; x_wconf 83' lang='lat' dir='ltr'><strong>qudd</strong></span> <span class='ocrx_word' id='word_1_266' title='bbox 812 3313 991 3372; x_wconf 85' lang='lat' dir='ltr'><strong>infirmiores</strong></span> <span class='ocrx_word' id='word_1_267' title='bbox 1003 3310 1072 3370; x_wconf 73' lang='lat' dir='ltr'><strong>ciro</strong></span> 
     </span>
     <span class='ocr_line' id='line_1_38' title="bbox 140 3391 1066 3473; baseline 0.002 -23"><span class='ocrx_word' id='word_1_268' title='bbox 140 3393 247 3454; x_wconf 81' lang='lat' dir='ltr'><strong>similit</strong></span> <span class='ocrx_word' id='word_1_269' title='bbox 264 3396 306 3453; x_wconf 84' lang='lat' dir='ltr'><strong>in</strong></span> <span class='ocrx_word' id='word_1_270' title='bbox 328 3395 501 3473; x_wconf 88' lang='lat' dir='ltr'><strong>particulari</strong></span> <span class='ocrx_word' id='word_1_271' title='bbox 523 3395 660 3454; x_wconf 89' lang='lat' dir='ltr'><strong>tentandi</strong></span> <span class='ocrx_word' id='word_1_272' title='bbox 672 3414 733 3452; x_wconf 91' lang='lat' dir='ltr'><strong>non</strong></span> <span class='ocrx_word' id='word_1_273' title='bbox 747 3405 826 3466; x_wconf 86' lang='lat' dir='ltr'><strong>smt;</strong></span> <span class='ocrx_word' id='word_1_274' title='bbox 854 3393 964 3454; x_wconf 81' lang='lat' dir='ltr'><strong>sufficit</strong></span> <span class='ocrx_word' id='word_1_275' title='bbox 989 3391 1066 3458; x_wconf 78' lang='lat' dir='ltr'><strong>enim.</strong></span> 
     </span>
     <span class='ocr_line' id='line_1_39' title="bbox 139 3472 1068 3554; baseline 0.002 -23"><span class='ocrx_word' id='word_1_276' title='bbox 139 3472 221 3549; x_wconf 80' lang='lat' dir='ltr'><strong>qudd</strong></span> <span class='ocrx_word' id='word_1_277' title='bbox 232 3477 263 3533; x_wconf 87' lang='lat' dir='ltr'><strong>in</strong></span> <span class='ocrx_word' id='word_1_278' title='bbox 273 3476 405 3554; x_wconf 78' lang='lat' dir='ltr'><strong>generali</strong></span> <span class='ocrx_word' id='word_1_279' title='bbox 414 3476 508 3533; x_wconf 89' lang='lat' dir='ltr'><strong>velint</strong></span> <span class='ocrx_word' id='word_1_280' title='bbox 516 3486 545 3533; x_wconf 89' lang='lat' dir='ltr'><strong>et</strong></span> <span class='ocrx_word' id='word_1_281' title='bbox 552 3476 648 3553; x_wconf 87' lang='lat' dir='ltr'><strong>parati</strong></span> <span class='ocrx_word' id='word_1_282' title='bbox 660 3475 719 3534; x_wconf 87' lang='lat' dir='ltr'><strong>sint</strong></span> <span class='ocrx_word' id='word_1_283' title='bbox 732 3475 831 3534; x_wconf 88' lang='lat' dir='ltr'><strong>omnia</strong></span> <span class='ocrx_word' id='word_1_284' title='bbox 840 3472 979 3533; x_wconf 84' lang='lat' dir='ltr'><strong>deserere</strong></span> <span class='ocrx_word' id='word_1_285' title='bbox 990 3488 1068 3551; x_wconf 77' lang='lat' dir='ltr'><strong>prop·</strong></span> 
     </span>
     <span class='ocr_line' id='line_1_40' title="bbox 138 3553 1069 3616; baseline -0.003 -6"><span class='ocrx_word' id='word_1_286' title='bbox 138 3563 184 3610; x_wconf 80' lang='lat' dir='ltr'><strong>ter</strong></span> <span class='ocrx_word' id='word_1_287' title='bbox 198 3555 309 3616; x_wconf 85' lang='lat' dir='ltr'><strong>Deum.</strong></span> <span class='ocrx_word' id='word_1_288' title='bbox 351 3556 435 3615; x_wconf 89' lang='lat' dir='ltr'><strong>Idem</strong></span> <span class='ocrx_word' id='word_1_289' title='bbox 463 3556 601 3614; x_wconf 83' lang='lat' dir='ltr'><strong>observat</strong></span> <span class='ocrx_word' id='word_1_290' title='bbox 628 3558 657 3615; x_wconf 89' lang='lat' dir='ltr'><strong>S.</strong></span> <span class='ocrx_word' id='word_1_291' title='bbox 685 3556 791 3614; x_wconf 89' lang='lat' dir='ltr'><strong>Thom.</strong></span> <span class='ocrx_word' id='word_1_292' title='bbox 815 3553 895 3612; x_wconf 87' lang='lat' dir='ltr'><strong>Vide</strong></span> <span class='ocrx_word' id='word_1_293' title='bbox 917 3557 1009 3614; x_wconf 87' lang='lat' dir='ltr'><strong>Num.</strong></span> <span class='ocrx_word' id='word_1_294' title='bbox 1029 3556 1069 3610; x_wconf 81' lang='lat'><strong>58.</strong></span> 
     </span>
     <span class='ocr_line' id='line_1_41' title="bbox 139 3632 822 3696; baseline 0.004 -5"><span class='ocrx_word' id='word_1_295' title='bbox 139 3632 210 3692; x_wconf 87' lang='lat' dir='ltr'><strong>“de</strong></span> <span class='ocrx_word' id='word_1_296' title='bbox 222 3635 392 3696; x_wconf 84' lang='lat' dir='ltr'><strong>Poenitent.&#39;</strong></span> <span class='ocrx_word' id='word_1_297' title='bbox 819 3672 822 3677; x_wconf 89' lang='lat'>-</span> 
     </span>
    </p>

    <p class='ocr_par' dir='ltr' id='par_1_14' title="bbox 167 3712 1072 3794">
     <span class='ocr_line' id='line_1_42' title="bbox 167 3712 1072 3794; baseline 0.002 -21"><span class='ocrx_word' id='word_1_298' title='bbox 167 3713 296 3778; x_wconf 88' lang='lat' dir='ltr'><strong>Dicitur</strong></span> <span class='ocrx_word' id='word_1_299' title='bbox 311 3716 353 3778; x_wconf 78' lang='lat'><strong>2⁰.</strong></span> <span class='ocrx_word' id='word_1_300' title='bbox 371 3726 393 3753; x_wconf 92' lang='lat'><em>“</em></span> <span class='ocrx_word' id='word_1_301' title='bbox 405 3718 538 3794; x_wconf 85' lang='lat' dir='ltr'><strong>Quando</strong></span> <span class='ocrx_word' id='word_1_302' title='bbox 546 3728 685 3777; x_wconf 83' lang='lat' dir='ltr'><strong>creatura</strong></span> <span class='ocrx_word' id='word_1_303' title='bbox 697 3725 882 3794; x_wconf 74' lang='lat' dir='ltr'><strong>comparatur</strong></span> <span class='ocrx_word' id='word_1_304' title='bbox 893 3713 1041 3772; x_wconf 71' lang='lat' dir='ltr'><strong>adsseum</strong></span> <span class='ocrx_word' id='word_1_305' title='bbox 1051 3712 1072 3776; x_wconf 82' lang='lat'><strong>;’⁸</strong></span> 
     </span>
    </p>

    <p class='ocr_par' dir='ltr' id='par_1_15' title="bbox 109 3791 1072 3883">
     <span class='ocr_line' id='line_1_43' title="bbox 109 3791 1072 3883; baseline -0.01 -29"><span class='ocrx_word' id='word_1_306' title='bbox 109 3795 198 3871; x_wconf 87' lang='lat' dir='ltr'><strong>quia,</strong></span> <span class='ocrx_word' id='word_1_307' title='bbox 217 3799 332 3880; x_wconf 79' lang='lat' dir='ltr'><strong>siquis</strong></span> <span class='ocrx_word' id='word_1_308' title='bbox 343 3803 467 3883; x_wconf 85' lang='lat' dir='ltr'><strong>absque</strong></span> <span class='ocrx_word' id='word_1_309' title='bbox 477 3798 707 3880; x_wconf 82' lang='lat' dir='ltr'><strong>comparatione</strong></span> <span class='ocrx_word' id='word_1_310' title='bbox 719 3792 762 3851; x_wconf 71' lang='lat' dir='ltr'><strong>ab</strong></span> <span class='ocrx_word' id='word_1_311' title='bbox 770 3791 969 3867; x_wconf 42' lang='lat' dir='ltr'><strong>bertramnus</strong></span> <span class='ocrx_word' id='word_1_312' title='bbox 979 3791 1072 3863; x_wconf 53' lang='lat' dir='ltr'><strong>umber</strong></span> 
     </span>
    </p>
   </div>
   <div class='ocr_carea' id='block_1_7' title="bbox 0 0 1086 4072">
    <p class='ocr_par' dir='ltr' id='par_1_16' title="bbox 0 0 1086 4072">
     <span class='ocr_line' id='line_1_44' title="bbox 0 0 1086 4072; baseline 0 0"><span class='ocrx_word' id='word_1_313' title='bbox 0 0 1086 4072; x_wconf 95' lang='lat' dir='ltr'><strong> </strong></span> 
     </span>
    </p>
   </div>
  </div>
 </body>
</html>
