2160 4072
268 111 481 171 essecutus,
505 110 581 154 unc.
832 91 896 164 ltu

57 258 329 339 sepeaequivulent
351 258 419 317 duae
442 267 599 334 sequentes
611 249 674 316 :in
687 259 894 320 voluntarium

53 353 77 400 et
90 341 293 400 voluntarium
307 338 340 397 in
353 339 422 408 ulio,
437 357 489 397 seu
503 338 535 396 in
544 337 639 397 causi
652 338 809 411 tenturum
830 343 868 400 io
877 379 890 390 -

55 422 118 480 ium
133 421 258 481 formale
279 432 310 479 et
322 419 523 480 voluntarium
543 418 817 497 interpretativum.
861 430 878 482 5

53 503 114 561 itur
122 503 152 560 in
168 501 366 561 voluntarium
378 519 562 578 expressum,
574 510 606 558 et
615 499 898 564 voluntarium'teci.

70 581 113 642 6⁰.
130 585 167 640 ln
189 583 391 642 voluntarium
404 591 483 651 netu,
511 590 542 639 et
556 580 759 640 voluntarium
774 582 894 644 virtute.

64 662 267 722 voluntarium
282 663 434 721 voluntate
447 660 578 740 proprii,
594 671 624 719 et
637 657 896 724 volunteriumvo-

53 764 71 801 e
85 743 193 802 alieni.
215 743 256 803 8⁰.
272 743 525 802 involuntarium
547 741 721 819 simpliciter
745 753 776 801 et
793 744 896 804 volun-

53 846 64 880 ι
80 825 245 886 secundum
257 822 339 901 quid.

53 905 125 982 gula
138 905 293 964 divisionis
315 903 449 962 membru
470 901 574 960 ordine
597 902 629 961 in
643 904 837 980 sequentibus
850 927 902 966 ex.

53 997 119 1042 itur.

56 1197 63 1208 .
112 1153 168 1211 DE
190 1149 479 1212 VOLUNTARIO
503 1149 736 1216 PERFECTO.
758 1153 813 1210 ET
837 1155 902 1216 ΙΜ.

317 1250 550 1309 PERFECTO.

218 1415 251 1475 S.
274 1416 371 1476 Thom.
386 1424 483 1494 qecoest.
504 1416 533 1476 6.
548 1423 644 1509 ortt.
719 1395 725 1400 ’

53 1585 202 1642 lanterium
226 1583 415 1658 imperfectum
468 1584 509 1642 ll.
525 1584 592 1643 Non
619 1580 721 1658 sufficit
748 1586 788 1644 ad
813 1595 905 1646 uotum

53 1684 160 1723 uanum.
205 1663 264 1721 Ill.
297 1657 489 1720 Voluntarium
520 1661 673 1739 perficium
715 1662 770 1722 IV.
802 1665 904 1744 Expli-

53 1763 93 1798 ur.
118 1743 204 1805 Omne
217 1741 402 1799 voluntarium
416 1742 572 1820 perficium
585 1743 710 1819 procedit
724 1745 742 1802 d
757 1743 904 1804 voluntate.
988 1759 993 1776 ¹

53 1864 56 1877 .
83 1821 278 1880 Voluntarium
290 1818 388 1898 ‹izffert
402 1822 420 1879 d
434 1821 524 1879 volito.
559 1821 632 1879 Vll.
648 1820 822 1900 Differenliu
835 1823 908 1882 inter

53 1901 191 1959 usuarium
205 1909 231 1959 et
245 1909 337 1958 actum
352 1898 513 1958 humanum.

53 2043 372 2104 VOLUNTARIUM
385 2045 591 2121 imperfectum
601 2043 830 2122 estillud‚quod
838 2065 907 2124 pro-

57 2124 394 2202 &principiointrinsec'o
400 2123 648 2202 cumimperfeett
656 2124 825 2202 cognitione
832 2127 906 2184 finis.

53 2225 88 2263 nc
104 2219 187 2264 actus
200 2205 398 2275 indeliberuti,
423 2216 456 2262 nt
479 2215 577 2263 motus
587 2204 683 2281 primo
698 2206 796 2284 primi,
824 2217 908 2266 aetus

53 2286 129 2344 itatis
143 2305 303 2364 puerorum
317 2296 385 2343 unte
400 2304 485 2343 usum
498 2284 630 2355 rationis,
658 2297 689 2345 et
701 2286 790 2365 plene
808 2307 909 2346 smen-

68 2377 138 2424 sunt
152 2366 324 2444 imperfecte
338 2365 508 2424 voluntarii.
884 2415 886 2418 ,

53 2445 150 2504 uiliter
164 2458 247 2505 uetus
258 2444 406 2524 appetitis
417 2445 550 2504 sensitivi
560 2465 614 2524 per
624 2445 715 2504 solem
723 2447 909 2525 phantasiam

53 2527 73 2584 ti
88 2527 120 2583 in
134 2527 231 2585 brutis
241 2536 272 2584 et
286 2525 469 2604 quondoque
480 2526 568 2584 etiam
589 2526 621 2582 in
634 2525 814 2597 hominibus,
839 2538 910 2586 sunt

53 2606 142 2666 rfecte
157 2607 326 2666 voluntarii.

69 2689 140 2748 Hoc
151 2699 248 2745 tannen
264 2686 466 2746 voluntarium
481 2695 597 2745 nonest
610 2685 668 2744 nisi
681 2686 843 2766 improprie
858 2708 909 2746 vo-

53 2770 144 2837 rium,
170 2787 268 2845 neque
283 2767 390 2826 sufficit
407 2767 446 2826 ad
466 2769 580 2826 bouum
593 2765 642 2824 vel
655 2767 777 2839 mulum,
803 2767 908 2828 autad

53 2869 73 2906 u
86 2848 260 2906 humanum.

53 2929 96 2986 uid
109 2941 155 2986 est
168 2927 370 2989 voluntarium
383 2928 572 3006 perfectum?

53 3009 74 3067 l.
92 3011 126 3068 R,
138 3021 183 3066 est
192 3008 233 3078 id,
249 3007 330 3086 quod
340 3008 503 3086 proceditd
513 3007 662 3086 principio
671 3008 832 3071 intrinseco
845 3030 914 3071 eum

53 3092 106 3148 nti
120 3089 290 3165 cognitione
305 3089 381 3146 finis.

53 3171 67 3227 ’.
84 3169 141 3227 Per
151 3169 368 3247 adintelligitur
379 3180 463 3227 actus
472 3169 521 3227 vel
531 3168 650 3228 omissio
660 3169 752 3241 actus,
766 3182 818 3230 aut
828 3169 915 3232 effee-

53 3250 106 3308 ude
134 3250 308 3327 procedens.
350 3248 434 3322 Quid
448 3249 486 3306 eit
501 3249 686 3328 ,principium
710 3251 914 3321 intrinsecum,

53 3350 86 3388 ‚m
102 3342 149 3390 est
161 3331 294 3389 Numero
307 3329 495 3409 praesedenti.

53 3410 148 3469 lditur
163 3417 184 3443 “
199 3430 268 3469 cum
282 3410 414 3488 perfecte
431 3410 601 3487 cognitione
615 3410 708 3480 finis,”
731 3415 790 3486 qut
807 3412 918 3472 seilicet

53 3503 173 3549 oscatur
191 3491 267 3549 ratio
280 3490 347 3548 finis
367 3501 397 3568 et
410 3492 564 3568 proportio
577 3490 743 3549 mediorum
758 3491 795 3549 ed
809 3491 897 3550 finem
909 3517 918 3563 ς

53 3591 108 3650 que
122 3571 302 3649 intelligitur
312 3570 444 3649 cognitio
454 3571 605 3630 rationalis
614 3570 781 3630 intellectis
794 3573 921 3650 positiva

53 3652 198 3710 trivetiva.

53 3752 63 3788 s
77 3732 172 3806 igitur
183 3733 215 3786 in
229 3731 292 3788 solo
311 3729 449 3808 appetitu
464 3733 617 3795 sensitivo
633 3742 741 3815 potest
755 3754 824 3796 esse
837 3735 954 3794 uolum-

53 3829 73 3863 n
85 3809 252 3882 perfeetum
267 3810 333 3868 sine
348 3811 413 3871 ullo
429 3814 608 3880 voluntatis
631 3815 790 3880 influxus

64 3886 101 3940 de
110 3884 230 3941 Actibus
246 3887 382 3954 Human.
477 3919 495 3957 e
