<?xml version="1.0" encoding="UTF-8"?>
<!DOCTYPE html PUBLIC "-//W3C//DTD XHTML 1.0 Transitional//EN"
    "http://www.w3.org/TR/xhtml1/DTD/xhtml1-transitional.dtd">
<html xmlns="http://www.w3.org/1999/xhtml" xml:lang="en" lang="en">
 <head>
  <title>
</title>
<meta http-equiv="Content-Type" content="text/html;charset=utf-8" />
  <meta name='ocr-system' content='tesseract 3.04.00' />
  <meta name='ocr-capabilities' content='ocr_page ocr_carea ocr_par ocr_line ocrx_word'/>
</head>
<body>
  <div class='ocr_page' id='page_1' title='image "./theologiamorali00densgoog_0312.png"; bbox 0 0 2160 4072; ppageno 0'>
   <div class='ocr_carea' id='block_1_1' title="bbox 383 99 971 170">
    <p class='ocr_par' dir='ltr' id='par_1_1' title="bbox 383 99 971 170">
     <span class='ocr_line' id='line_1_1' title="bbox 383 99 971 170; baseline -0.002 -9"><span class='ocrx_word' id='word_1_1' title='bbox 383 116 429 161; x_wconf 84' lang='lat' dir='ltr'>ors</span> <span class='ocrx_word' id='word_1_2' title='bbox 455 115 626 160; x_wconf 66' lang='lat' dir='ltr'>excossis.</span> <span class='ocrx_word' id='word_1_3' title='bbox 907 99 971 170; x_wconf 69' lang='lat'>290</span> 
     </span>
    </p>
   </div>
   <div class='ocr_carea' id='block_1_2' title="bbox 52 260 974 2504">
    <p class='ocr_par' dir='ltr' id='par_1_2' title="bbox 52 260 972 501">
     <span class='ocr_line' id='line_1_2' title="bbox 68 260 972 340; baseline 0.002 -17"><span class='ocrx_word' id='word_1_4' title='bbox 68 262 177 335; x_wconf 74' lang='lat' dir='ltr'>Dices:</span> <span class='ocrx_word' id='word_1_5' title='bbox 191 260 262 323; x_wconf 85' lang='lat' dir='ltr'>licet</span> <span class='ocrx_word' id='word_1_6' title='bbox 274 260 307 320; x_wconf 91' lang='lat' dir='ltr'>in</span> <span class='ocrx_word' id='word_1_7' title='bbox 320 279 351 320; x_wconf 85' lang='lat' dir='ltr'>ae</span> <span class='ocrx_word' id='word_1_8' title='bbox 361 260 517 320; x_wconf 73' lang='lat' dir='ltr'><strong>admittere</strong></span> <span class='ocrx_word' id='word_1_9' title='bbox 530 261 660 340; x_wconf 87' lang='lat' dir='ltr'>corporis</span> <span class='ocrx_word' id='word_1_10' title='bbox 674 261 801 335; x_wconf 86' lang='lat' dir='ltr'>dolores,</span> <span class='ocrx_word' id='word_1_11' title='bbox 814 263 876 325; x_wconf 88' lang='lat' dir='ltr'>imo</span> <span class='ocrx_word' id='word_1_12' title='bbox 886 283 972 325; x_wconf 58' lang='lat' dir='ltr'>moro</span> 
     </span>
     <span class='ocr_line' id='line_1_3' title="bbox 52 340 968 422; baseline 0.003 -20"><span class='ocrx_word' id='word_1_13' title='bbox 52 362 77 402; x_wconf 85' lang='lat' dir='ltr'>m</span> <span class='ocrx_word' id='word_1_14' title='bbox 85 343 191 422; x_wconf 90' lang='lat' dir='ltr'>ipsam,</span> <span class='ocrx_word' id='word_1_15' title='bbox 203 343 247 402; x_wconf 87' lang='lat' dir='ltr'>uti</span> <span class='ocrx_word' id='word_1_16' title='bbox 260 340 396 401; x_wconf 87' lang='lat' dir='ltr'>fecerunt</span> <span class='ocrx_word' id='word_1_17' title='bbox 409 340 462 403; x_wconf 87' lang='lat' dir='ltr'>SS.</span> <span class='ocrx_word' id='word_1_18' title='bbox 479 342 638 421; x_wconf 76' lang='lat' dir='ltr'>Martyres,</span> <span class='ocrx_word' id='word_1_19' title='bbox 652 342 894 405; x_wconf 74' lang='lat' dir='ltr'>sine&#39;resistentia</span> <span class='ocrx_word' id='word_1_20' title='bbox 916 355 968 405; x_wconf 82' lang='lat' dir='ltr'>aot</span> 
     </span>
     <span class='ocr_line' id='line_1_4' title="bbox 52 423 412 501; baseline 0 -19"><span class='ocrx_word' id='word_1_21' title='bbox 52 423 232 501; x_wconf 78' lang='lat' dir='ltr'>inplicentia:</span> <span class='ocrx_word' id='word_1_22' title='bbox 255 441 336 500; x_wconf 83' lang='lat' dir='ltr'>ergo,</span> <span class='ocrx_word' id='word_1_23' title='bbox 357 432 412 482; x_wconf 81' lang='lat' dir='ltr'>etc</span> 
     </span>
    </p>

    <p class='ocr_par' dir='ltr' id='par_1_3' title="bbox 52 501 969 821">
     <span class='ocr_line' id='line_1_5' title="bbox 57 501 968 581; baseline 0.003 -19"><span class='ocrx_word' id='word_1_24' title='bbox 57 501 351 581; x_wconf 64' lang='lat' dir='ltr'>summationem,</span> <span class='ocrx_word' id='word_1_25' title='bbox 365 502 444 580; x_wconf 73' lang='lat' dir='ltr'>quid</span> <span class='ocrx_word' id='word_1_26' title='bbox 457 501 520 579; x_wconf 88' lang='lat' dir='ltr'>pati</span> <span class='ocrx_word' id='word_1_27' title='bbox 534 501 649 562; x_wconf 86' lang='lat' dir='ltr'>dolores</span> <span class='ocrx_word' id='word_1_28' title='bbox 664 502 711 562; x_wconf 84' lang='lat' dir='ltr'>vel</span> <span class='ocrx_word' id='word_1_29' title='bbox 724 513 849 564; x_wconf 83' lang='lat' dir='ltr'>mortem</span> <span class='ocrx_word' id='word_1_30' title='bbox 863 523 968 565; x_wconf 84' lang='lat' dir='ltr'>secun·</span> 
     </span>
     <span class='ocr_line' id='line_1_6' title="bbox 52 580 968 659; baseline 0 -15"><span class='ocrx_word' id='word_1_31' title='bbox 52 580 99 643; x_wconf 80' lang='lat' dir='ltr'>im</span> <span class='ocrx_word' id='word_1_32' title='bbox 110 603 141 643; x_wconf 86' lang='lat' dir='ltr'>se</span> <span class='ocrx_word' id='word_1_33' title='bbox 148 582 191 641; x_wconf 94' lang='lat' dir='ltr'>nil</span> <span class='ocrx_word' id='word_1_34' title='bbox 204 580 311 641; x_wconf 76' lang='lat' dir='ltr'>habeat</span> <span class='ocrx_word' id='word_1_35' title='bbox 321 581 495 643; x_wconf 80' lang='lat' dir='ltr'><strong>inordinati:</strong></span> <span class='ocrx_word' id='word_1_36' title='bbox 507 593 539 642; x_wconf 84' lang='lat' dir='ltr'>at</span> <span class='ocrx_word' id='word_1_37' title='bbox 551 583 613 659; x_wconf 87' lang='lat' dir='ltr'>pati</span> <span class='ocrx_word' id='word_1_38' title='bbox 623 583 689 642; x_wconf 93' lang='lat' dir='ltr'>illos</span> <span class='ocrx_word' id='word_1_39' title='bbox 702 595 799 644; x_wconf 89' lang='lat' dir='ltr'>motus</span> <span class='ocrx_word' id='word_1_40' title='bbox 808 585 968 644; x_wconf 78' lang='lat' dir='ltr'>secundnm</span> 
     </span>
     <span class='ocr_line' id='line_1_7' title="bbox 52 661 969 734; baseline 0.004 -13"><span class='ocrx_word' id='word_1_41' title='bbox 52 682 73 733; x_wconf 78' lang='lat' dir='ltr'>s,</span> <span class='ocrx_word' id='word_1_42' title='bbox 85 661 286 722; x_wconf 81' lang='lat' dir='ltr'>inordinatum</span> <span class='ocrx_word' id='word_1_43' title='bbox 300 674 345 721; x_wconf 92' lang='lat' dir='ltr'>est</span> <span class='ocrx_word' id='word_1_44' title='bbox 352 686 362 734; x_wconf 71' lang='grc' dir='ltr'><strong><em>ς</em></strong></span> <span class='ocrx_word' id='word_1_45' title='bbox 384 662 455 721; x_wconf 93' lang='lat' dir='ltr'>hinc</span> <span class='ocrx_word' id='word_1_46' title='bbox 469 662 604 721; x_wconf 88' lang='lat' dir='ltr'>Christus</span> <span class='ocrx_word' id='word_1_47' title='bbox 617 663 750 723; x_wconf 90' lang='lat' dir='ltr'>admissit</span> <span class='ocrx_word' id='word_1_48' title='bbox 762 663 795 723; x_wconf 89' lang='lat' dir='ltr'>in</span> <span class='ocrx_word' id='word_1_49' title='bbox 808 684 839 724; x_wconf 87' lang='lat' dir='ltr'>se</span> <span class='ocrx_word' id='word_1_50' title='bbox 853 664 969 725; x_wconf 84' lang='lat' dir='ltr'>dolores</span> 
     </span>
     <span class='ocr_line' id='line_1_8' title="bbox 52 744 810 821; baseline 0.001 -18"><span class='ocrx_word' id='word_1_51' title='bbox 52 751 208 814; x_wconf 72' lang='lat' dir='ltr'>mortem,</span> <span class='ocrx_word' id='word_1_52' title='bbox 222 753 267 801; x_wconf 91' lang='lat' dir='ltr'>ast</span> <span class='ocrx_word' id='word_1_53' title='bbox 279 762 431 820; x_wconf 89' lang='lat' dir='ltr'>nunquam</span> <span class='ocrx_word' id='word_1_54' title='bbox 444 753 542 800; x_wconf 90' lang='lat' dir='ltr'>motus</span> <span class='ocrx_word' id='word_1_55' title='bbox 555 744 810 821; x_wconf 76' lang='lat' dir='ltr'>concupiscentits.</span> 
     </span>
    </p>

    <p class='ocr_par' dir='ltr' id='par_1_4' title="bbox 58 821 970 978">
     <span class='ocr_line' id='line_1_9' title="bbox 74 821 970 903; baseline 0.001 -20"><span class='ocrx_word' id='word_1_56' title='bbox 74 823 406 901; x_wconf 72' lang='lat' dir='ltr'>Responsionemdatam</span> <span class='ocrx_word' id='word_1_57' title='bbox 415 821 568 880; x_wconf 85' lang='lat' dir='ltr'>confirmat</span> <span class='ocrx_word' id='word_1_58' title='bbox 576 822 727 882; x_wconf 76' lang='lat' dir='ltr'>damnatio</span> <span class='ocrx_word' id='word_1_59' title='bbox 735 823 970 903; x_wconf 72' lang='lat' dir='ltr'><strong>propositionum</strong></span> 
     </span>
     <span class='ocr_line' id='line_1_10' title="bbox 58 900 811 978; baseline 0.001 -16"><span class='ocrx_word' id='word_1_60' title='bbox 58 914 83 972; x_wconf 72' lang='grc'>7.</span> <span class='ocrx_word' id='word_1_61' title='bbox 94 914 123 962; x_wconf 89' lang='lat' dir='ltr'>et</span> <span class='ocrx_word' id='word_1_62' title='bbox 137 911 186 963; x_wconf 78' lang='lat'>24.</span> <span class='ocrx_word' id='word_1_63' title='bbox 201 901 356 961; x_wconf 80' lang='lat' dir='ltr'>Michaelis</span> <span class='ocrx_word' id='word_1_64' title='bbox 376 900 414 960; x_wconf 90' lang='lat' dir='ltr'>de</span> <span class='ocrx_word' id='word_1_65' title='bbox 429 901 557 960; x_wconf 91' lang='lat' dir='ltr'>Molinos</span> <span class='ocrx_word' id='word_1_66' title='bbox 567 921 620 978; x_wconf 87' lang='lat' dir='ltr'>per</span> <span class='ocrx_word' id='word_1_67' title='bbox 636 903 738 963; x_wconf 87' lang='lat' dir='ltr'>lnnoc.</span> <span class='ocrx_word' id='word_1_68' title='bbox 754 905 811 963; x_wconf 87' lang='lat' dir='ltr'>XI.</span> 
     </span>
    </p>

    <p class='ocr_par' dir='ltr' id='par_1_5' title="bbox 52 974 971 1287">
     <span class='ocr_line' id='line_1_11' title="bbox 76 974 971 1063; baseline 0.001 -19"><span class='ocrx_word' id='word_1_69' title='bbox 76 988 121 1044; x_wconf 80' lang='lat' dir='ltr'>An</span> <span class='ocrx_word' id='word_1_70' title='bbox 135 983 238 1059; x_wconf 86' lang='lat' dir='ltr'>saltem</span> <span class='ocrx_word' id='word_1_71' title='bbox 252 983 408 1060; x_wconf 86' lang='lat' dir='ltr'>quisquam</span> <span class='ocrx_word' id='word_1_72' title='bbox 421 1000 482 1039; x_wconf 92' lang='lat' dir='ltr'>non</span> <span class='ocrx_word' id='word_1_73' title='bbox 494 992 592 1059; x_wconf 85' lang='lat' dir='ltr'>potest</span> <span class='ocrx_word' id='word_1_74' title='bbox 606 1003 637 1041; x_wconf 90' lang='lat' dir='ltr'>se</span> <span class='ocrx_word' id='word_1_75' title='bbox 656 983 766 1043; x_wconf 85' lang='lat' dir='ltr'>habere</span> <span class='ocrx_word' id='word_1_76' title='bbox 779 985 915 1063; x_wconf 70' lang='lat' dir='ltr'>negative</span> <span class='ocrx_word' id='word_1_77' title='bbox 928 974 971 1045; x_wconf 79' lang='lat' dir='ltr'>tad¹</span> 
     </span>
     <span class='ocr_line' id='line_1_12' title="bbox 52 1062 968 1140; baseline 0.002 -16"><span class='ocrx_word' id='word_1_78' title='bbox 52 1075 102 1125; x_wconf 66' lang='lat' dir='ltr'>tos</span> <span class='ocrx_word' id='word_1_79' title='bbox 112 1075 220 1134; x_wconf 88' lang='lat' dir='ltr'>motus,</span> <span class='ocrx_word' id='word_1_80' title='bbox 234 1064 259 1121; x_wconf 94' lang='lat' dir='ltr'>si</span> <span class='ocrx_word' id='word_1_81' title='bbox 278 1062 341 1140; x_wconf 88' lang='lat' dir='ltr'>jam</span> <span class='ocrx_word' id='word_1_82' title='bbox 355 1072 493 1138; x_wconf 84' lang='lat' dir='ltr'>expertus</span> <span class='ocrx_word' id='word_1_83' title='bbox 507 1063 546 1120; x_wconf 88' lang='lat' dir='ltr'>sit</span> <span class='ocrx_word' id='word_1_84' title='bbox 558 1073 655 1121; x_wconf 90' lang='lat' dir='ltr'>motus</span> <span class='ocrx_word' id='word_1_85' title='bbox 669 1063 735 1121; x_wconf 89' lang='lat' dir='ltr'>illos</span> <span class='ocrx_word' id='word_1_86' title='bbox 749 1074 780 1122; x_wconf 89' lang='lat' dir='ltr'>et</span> <span class='ocrx_word' id='word_1_87' title='bbox 791 1065 968 1125; x_wconf 79' lang='lat' dir='ltr'>tentationes</span> 
     </span>
     <span class='ocr_line' id='line_1_13' title="bbox 52 1141 969 1224; baseline 0.003 -22"><span class='ocrx_word' id='word_1_88' title='bbox 52 1145 144 1224; x_wconf 74' lang='lat' dir='ltr'>ogeri,</span> <span class='ocrx_word' id='word_1_89' title='bbox 159 1143 231 1202; x_wconf 90' lang='lat' dir='ltr'>dum</span> <span class='ocrx_word' id='word_1_90' title='bbox 245 1142 370 1221; x_wconf 72' lang='lat' dir='ltr'>positivo</span> <span class='ocrx_word' id='word_1_91' title='bbox 378 1141 420 1201; x_wconf 87' lang='lat' dir='ltr'>eis</span> <span class='ocrx_word' id='word_1_92' title='bbox 433 1141 577 1210; x_wconf 90' lang='lat' dir='ltr'>resistere,</span> <span class='ocrx_word' id='word_1_93' title='bbox 588 1161 699 1221; x_wconf 89' lang='lat' dir='ltr'>eosque</span> <span class='ocrx_word' id='word_1_94' title='bbox 711 1143 873 1221; x_wconf 82' lang='lat' dir='ltr'>reprimere</span> <span class='ocrx_word' id='word_1_95' title='bbox 882 1164 969 1205; x_wconf 83' lang='lat' dir='ltr'>cona·</span> 
     </span>
     <span class='ocr_line' id='line_1_14' title="bbox 52 1230 107 1287; baseline -0.036 0"><span class='ocrx_word' id='word_1_96' title='bbox 52 1230 107 1287; x_wconf 78' lang='lat' dir='ltr'>ar?</span> 
     </span>
    </p>

    <p class='ocr_par' dir='ltr' id='par_1_6' title="bbox 52 1302 970 1621">
     <span class='ocr_line' id='line_1_15' title="bbox 75 1302 969 1381; baseline 0.002 -18"><span class='ocrx_word' id='word_1_97' title='bbox 75 1307 108 1364; x_wconf 79' lang='lat' dir='ltr'>it.</span> <span class='ocrx_word' id='word_1_98' title='bbox 120 1304 157 1362; x_wconf 91' lang='lat' dir='ltr'>ln</span> <span class='ocrx_word' id='word_1_99' title='bbox 170 1302 353 1381; x_wconf 86' lang='lat' dir='ltr'>repressione</span> <span class='ocrx_word' id='word_1_100' title='bbox 361 1312 495 1362; x_wconf 88' lang='lat' dir='ltr'>motuum</span> <span class='ocrx_word' id='word_1_101' title='bbox 509 1302 754 1380; x_wconf 76' lang='lat' dir='ltr'>concupiscentits</span> <span class='ocrx_word' id='word_1_102' title='bbox 766 1303 969 1365; x_wconf 85' lang='lat' dir='ltr'>duoconsida·</span> 
     </span>
     <span class='ocr_line' id='line_1_16' title="bbox 52 1383 968 1464; baseline -0.001 -19"><span class='ocrx_word' id='word_1_103' title='bbox 52 1385 90 1445; x_wconf 76' lang='lat' dir='ltr'>nri</span> <span class='ocrx_word' id='word_1_104' title='bbox 100 1395 233 1464; x_wconf 85' lang='lat' dir='ltr'>possunt,</span> <span class='ocrx_word' id='word_1_105' title='bbox 247 1402 354 1460; x_wconf 89' lang='lat' dir='ltr'>nempe</span> <span class='ocrx_word' id='word_1_106' title='bbox 368 1383 554 1460; x_wconf 89' lang='lat' dir='ltr'>displicentia</span> <span class='ocrx_word' id='word_1_107' title='bbox 567 1383 737 1452; x_wconf 84' lang='lat' dir='ltr'>voluntatis,</span> <span class='ocrx_word' id='word_1_108' title='bbox 766 1385 968 1444; x_wconf 85' lang='lat' dir='ltr'>etresistentia</span> 
     </span>
     <span class='ocr_line' id='line_1_17' title="bbox 53 1462 970 1546; baseline 0.001 -23"><span class='ocrx_word' id='word_1_109' title='bbox 53 1464 192 1546; x_wconf 81' lang='lat' dir='ltr'>orporalis</span> <span class='ocrx_word' id='word_1_110' title='bbox 205 1483 258 1542; x_wconf 90' lang='lat' dir='ltr'>per</span> <span class='ocrx_word' id='word_1_111' title='bbox 276 1463 493 1541; x_wconf 82' lang='lat' dir='ltr'>imaginationis</span> <span class='ocrx_word' id='word_1_112' title='bbox 505 1462 753 1540; x_wconf 88' lang='lat' dir='ltr'>suppressionem,</span> <span class='ocrx_word' id='word_1_113' title='bbox 768 1464 905 1542; x_wconf 84' lang='lat' dir='ltr'>corporis</span> <span class='ocrx_word' id='word_1_114' title='bbox 918 1474 970 1525; x_wconf 84' lang='lat' dir='ltr'>aut</span> 
     </span>
     <span class='ocr_line' id='line_1_18' title="bbox 53 1543 776 1621; baseline -0.006 -16"><span class='ocrx_word' id='word_1_115' title='bbox 53 1543 503 1621; x_wconf 79' lang='lat' dir='ltr'>sembrorumcompressionum,</span> <span class='ocrx_word' id='word_1_116' title='bbox 517 1554 572 1601; x_wconf 86' lang='lat' dir='ltr'>etc.</span> <span class='ocrx_word' id='word_1_117' title='bbox 594 1543 653 1601; x_wconf 91' lang='lat' dir='ltr'>His</span> <span class='ocrx_word' id='word_1_118' title='bbox 663 1543 776 1620; x_wconf 89' lang='lat' dir='ltr'>positis,</span> 
     </span>
    </p>

    <p class='ocr_par' dir='ltr' id='par_1_7' title="bbox 53 1621 972 2087">
     <span class='ocr_line' id='line_1_19' title="bbox 75 1621 969 1702; baseline 0 -18"><span class='ocrx_word' id='word_1_119' title='bbox 75 1625 128 1684; x_wconf 90' lang='lat' dir='ltr'>lV.</span> <span class='ocrx_word' id='word_1_120' title='bbox 144 1627 179 1684; x_wconf 87' lang='lat' dir='ltr'>R.</span> <span class='ocrx_word' id='word_1_121' title='bbox 194 1623 283 1697; x_wconf 70' lang='lat' dir='ltr'>Quid</span> <span class='ocrx_word' id='word_1_122' title='bbox 301 1623 437 1681; x_wconf 79' lang='lat' dir='ltr'>voluntas</span> <span class='ocrx_word' id='word_1_123' title='bbox 450 1641 510 1681; x_wconf 89' lang='lat' dir='ltr'>non</span> <span class='ocrx_word' id='word_1_124' title='bbox 533 1623 626 1700; x_wconf 89' lang='lat' dir='ltr'>possit</span> <span class='ocrx_word' id='word_1_125' title='bbox 640 1643 671 1682; x_wconf 85' lang='lat' dir='ltr'>se</span> <span class='ocrx_word' id='word_1_126' title='bbox 689 1621 799 1682; x_wconf 76' lang='lat' dir='ltr'>hebere</span> <span class='ocrx_word' id='word_1_127' title='bbox 820 1624 969 1702; x_wconf 73' lang='lat' dir='ltr'>negative,</span> 
     </span>
     <span class='ocr_line' id='line_1_20' title="bbox 53 1702 972 1783; baseline -0.004 -16"><span class='ocrx_word' id='word_1_128' title='bbox 53 1706 85 1767; x_wconf 76' lang='lat' dir='ltr'>nl</span> <span class='ocrx_word' id='word_1_129' title='bbox 97 1705 264 1783; x_wconf 87' lang='lat' dir='ltr'>requiratur</span> <span class='ocrx_word' id='word_1_130' title='bbox 273 1703 459 1781; x_wconf 87' lang='lat' dir='ltr'>displicentia</span> <span class='ocrx_word' id='word_1_131' title='bbox 471 1702 599 1780; x_wconf 88' lang='lat' dir='ltr'>positiva</span> <span class='ocrx_word' id='word_1_132' title='bbox 612 1703 772 1762; x_wconf 83' lang='lat' dir='ltr'>voluntatis</span> <span class='ocrx_word' id='word_1_133' title='bbox 793 1703 896 1763; x_wconf 84' lang='lat' dir='ltr'>saltem</span> <span class='ocrx_word' id='word_1_134' title='bbox 909 1704 972 1764; x_wconf 79' lang='lat' dir='ltr'>vir-&#39;-</span> 
     </span>
     <span class='ocr_line' id='line_1_21' title="bbox 53 1783 972 1864; baseline -0.001 -19"><span class='ocrx_word' id='word_1_135' title='bbox 53 1787 130 1858; x_wconf 75' lang='lat' dir='ltr'>salis,</span> <span class='ocrx_word' id='word_1_136' title='bbox 143 1797 179 1845; x_wconf 93' lang='lat' dir='ltr'>ut</span> <span class='ocrx_word' id='word_1_137' title='bbox 201 1783 414 1864; x_wconf 86' lang='lat' dir='ltr'>supradictum</span> <span class='ocrx_word' id='word_1_138' title='bbox 438 1794 489 1842; x_wconf 88' lang='lat' dir='ltr'>est</span> <span class='ocrx_word' id='word_1_139' title='bbox 533 1783 709 1842; x_wconf 87' lang='lat' dir='ltr'>Resistentia</span> <span class='ocrx_word' id='word_1_140' title='bbox 729 1785 799 1842; x_wconf 80' lang='lat' dir='ltr'>verti</span> <span class='ocrx_word' id='word_1_141' title='bbox 813 1786 972 1862; x_wconf 83' lang='lat' dir='ltr'>corporalis</span> 
     </span>
     <span class='ocr_line' id='line_1_22' title="bbox 53 1862 970 1944; baseline -0.004 -18"><span class='ocrx_word' id='word_1_142' title='bbox 53 1886 87 1927; x_wconf 73' lang='lat' dir='ltr'>ter</span> <span class='ocrx_word' id='word_1_143' title='bbox 100 1867 170 1924; x_wconf 85' lang='lat' dir='ltr'>alias</span> <span class='ocrx_word' id='word_1_144' title='bbox 180 1864 327 1944; x_wconf 90' lang='lat' dir='ltr'>potentias</span> <span class='ocrx_word' id='word_1_145' title='bbox 339 1882 399 1921; x_wconf 87' lang='lat' dir='ltr'>nou</span> <span class='ocrx_word' id='word_1_146' title='bbox 413 1862 575 1939; x_wconf 85' lang='lat' dir='ltr'>requiritur</span> <span class='ocrx_word' id='word_1_147' title='bbox 585 1863 616 1920; x_wconf 91' lang='lat' dir='ltr'>in</span> <span class='ocrx_word' id='word_1_148' title='bbox 624 1862 681 1921; x_wconf 90' lang='lat' dir='ltr'>hoc</span> <span class='ocrx_word' id='word_1_149' title='bbox 692 1881 763 1924; x_wconf 82' lang='lat' dir='ltr'>casu</span> <span class='ocrx_word' id='word_1_150' title='bbox 773 1886 783 1935; x_wconf 82' lang='lat'><em>3</em></span> <span class='ocrx_word' id='word_1_151' title='bbox 808 1863 879 1941; x_wconf 88' lang='lat' dir='ltr'>quia</span> <span class='ocrx_word' id='word_1_152' title='bbox 890 1866 970 1936; x_wconf 81' lang='lat' dir='ltr'>crim,</span> 
     </span>
     <span class='ocr_line' id='line_1_23' title="bbox 53 1942 970 2087; baseline -0.004 -81"><span class='ocrx_word' id='word_1_153' title='bbox 53 1946 263 2087; x_wconf 54' lang='lat' dir='ltr'>pdsupponitur,</span> <span class='ocrx_word' id='word_1_154' title='bbox 275 1954 372 2002; x_wconf 88' lang='lat' dir='ltr'>motus</span> <span class='ocrx_word' id='word_1_155' title='bbox 384 1962 438 2020; x_wconf 91' lang='lat' dir='ltr'>per</span> <span class='ocrx_word' id='word_1_156' title='bbox 452 1962 516 2025; x_wconf 84' lang='lat' dir='ltr'>eam</span> <span class='ocrx_word' id='word_1_157' title='bbox 530 1951 705 2020; x_wconf 82' lang='lat' dir='ltr'>augeantur,</span> <span class='ocrx_word' id='word_1_158' title='bbox 728 1962 789 2001; x_wconf 89' lang='lat' dir='ltr'>non</span> <span class='ocrx_word' id='word_1_159' title='bbox 807 1942 970 2021; x_wconf 88' lang='lat' dir='ltr'>prodesset,</span> 
     </span>
    </p>

    <p class='ocr_par' dir='ltr' id='par_1_8' title="bbox 98 2029 221 2087">
     <span class='ocr_line' id='line_1_24' title="bbox 98 2029 221 2087; baseline -0.008 -1"><span class='ocrx_word' id='word_1_160' title='bbox 98 2029 221 2087; x_wconf 84' lang='lat' dir='ltr'>obesset</span> 
     </span>
    </p>

    <p class='ocr_par' dir='ltr' id='par_1_9' title="bbox 53 2101 970 2265">
     <span class='ocr_line' id='line_1_25' title="bbox 77 2101 970 2183; baseline -0.004 -16"><span class='ocrx_word' id='word_1_161' title='bbox 77 2110 111 2167; x_wconf 86' lang='lat' dir='ltr'>V.</span> <span class='ocrx_word' id='word_1_162' title='bbox 123 2109 181 2176; x_wconf 87' lang='lat' dir='ltr'>Au,</span> <span class='ocrx_word' id='word_1_163' title='bbox 197 2106 225 2164; x_wconf 84' lang='lat' dir='ltr'>&#39;si</span> <span class='ocrx_word' id='word_1_164' title='bbox 239 2104 306 2183; x_wconf 85' lang='lat' dir='ltr'>quis</span> <span class='ocrx_word' id='word_1_165' title='bbox 316 2104 411 2182; x_wconf 86' lang='lat' dir='ltr'>justas</span> <span class='ocrx_word' id='word_1_166' title='bbox 434 2102 561 2161; x_wconf 88' lang='lat' dir='ltr'>rationes</span> <span class='ocrx_word' id='word_1_167' title='bbox 572 2102 680 2162; x_wconf 87' lang='lat' dir='ltr'>habeat</span> <span class='ocrx_word' id='word_1_168' title='bbox 693 2101 825 2182; x_wconf 92' lang='lat' dir='ltr'>ponendi</span> <span class='ocrx_word' id='word_1_169' title='bbox 844 2122 970 2175; x_wconf 84' lang='lat' dir='ltr'>causam,</span> 
     </span>
     <span class='ocr_line' id='line_1_26' title="bbox 53 2183 970 2265; baseline -0.001 -20"><span class='ocrx_word' id='word_1_170' title='bbox 53 2206 75 2245; x_wconf 75' lang='lat' dir='ltr'>rr</span> <span class='ocrx_word' id='word_1_171' title='bbox 88 2207 145 2265; x_wconf 90' lang='lat' dir='ltr'>qua</span> <span class='ocrx_word' id='word_1_172' title='bbox 158 2196 255 2245; x_wconf 89' lang='lat' dir='ltr'>motus</span> <span class='ocrx_word' id='word_1_173' title='bbox 265 2185 410 2253; x_wconf 90' lang='lat' dir='ltr'>oriuntur,</span> <span class='ocrx_word' id='word_1_174' title='bbox 425 2191 522 2260; x_wconf 90' lang='lat' dir='ltr'>potest</span> <span class='ocrx_word' id='word_1_175' title='bbox 530 2203 561 2241; x_wconf 93' lang='lat' dir='ltr'>se</span> <span class='ocrx_word' id='word_1_176' title='bbox 569 2183 607 2240; x_wconf 85' lang='lat' dir='ltr'>ad</span> <span class='ocrx_word' id='word_1_177' title='bbox 615 2183 682 2242; x_wconf 92' lang='lat' dir='ltr'>illos</span> <span class='ocrx_word' id='word_1_178' title='bbox 690 2183 801 2243; x_wconf 88' lang='lat' dir='ltr'>habere</span> <span class='ocrx_word' id='word_1_179' title='bbox 810 2183 970 2261; x_wconf 71' lang='lat' dir='ltr'>negative?</span> 
     </span>
    </p>

    <p class='ocr_par' dir='ltr' id='par_1_10' title="bbox 53 2262 974 2504">
     <span class='ocr_line' id='line_1_27' title="bbox 80 2262 973 2343; baseline -0.003 -17"><span class='ocrx_word' id='word_1_180' title='bbox 80 2269 110 2326; x_wconf 80' lang='lat' dir='ltr'>R.</span> <span class='ocrx_word' id='word_1_181' title='bbox 127 2268 231 2326; x_wconf 88' lang='lat' dir='ltr'>Manet</span> <span class='ocrx_word' id='word_1_182' title='bbox 250 2263 401 2343; x_wconf 88' lang='lat' dir='ltr'>responsio</span> <span class='ocrx_word' id='word_1_183' title='bbox 415 2283 503 2341; x_wconf 88' lang='lat' dir='ltr'>supra</span> <span class='ocrx_word' id='word_1_184' title='bbox 517 2263 594 2333; x_wconf 83' lang='lat' dir='ltr'>data,</span> <span class='ocrx_word' id='word_1_185' title='bbox 622 2263 733 2323; x_wconf 80' lang='lat' dir='ltr'>scilicet</span> <span class='ocrx_word' id='word_1_186' title='bbox 747 2262 827 2341; x_wconf 75' lang='lat' dir='ltr'>quod</span> <span class='ocrx_word' id='word_1_187' title='bbox 840 2263 973 2343; x_wconf 87' lang='lat' dir='ltr'>requira-</span> 
     </span>
     <span class='ocr_line' id='line_1_28' title="bbox 53 2342 974 2425; baseline -0.004 -20"><span class='ocrx_word' id='word_1_188' title='bbox 53 2366 79 2407; x_wconf 86' lang='lat' dir='ltr'>ur</span> <span class='ocrx_word' id='word_1_189' title='bbox 97 2345 285 2425; x_wconf 86' lang='lat' dir='ltr'>displicentia</span> <span class='ocrx_word' id='word_1_190' title='bbox 299 2343 469 2411; x_wconf 87' lang='lat' dir='ltr'>voluntatis,</span> <span class='ocrx_word' id='word_1_191' title='bbox 498 2353 528 2402; x_wconf 94' lang='lat' dir='ltr'>et</span> <span class='ocrx_word' id='word_1_192' title='bbox 540 2344 708 2403; x_wconf 88' lang='lat' dir='ltr'>resistentia</span> <span class='ocrx_word' id='word_1_193' title='bbox 727 2342 898 2422; x_wconf 88' lang='lat' dir='ltr'>corporalis,</span> <span class='ocrx_word' id='word_1_194' title='bbox 924 2343 974 2402; x_wconf 86' lang='lat' dir='ltr'>in-</span> 
     </span>
     <span class='ocr_line' id='line_1_29' title="bbox 53 2423 601 2504; baseline -0.009 -17"><span class='ocrx_word' id='word_1_195' title='bbox 53 2430 176 2503; x_wconf 73' lang='lat' dir='ltr'>quantum</span> <span class='ocrx_word' id='word_1_196' title='bbox 187 2423 342 2504; x_wconf 81' lang='lat' dir='ltr'>occupatio</span> <span class='ocrx_word' id='word_1_197' title='bbox 354 2423 411 2482; x_wconf 82' lang='lat' dir='ltr'>ista</span> <span class='ocrx_word' id='word_1_198' title='bbox 420 2423 576 2502; x_wconf 89' lang='lat' dir='ltr'>permittit.</span> <span class='ocrx_word' id='word_1_199' title='bbox 593 2455 601 2467; x_wconf 86' lang='lat'><strong>·</strong></span> 
     </span>
    </p>
   </div>
   <div class='ocr_carea' id='block_1_3' title="bbox 66 2541 950 2726">
    <p class='ocr_par' dir='ltr' id='par_1_11' title="bbox 66 2541 950 2726">
     <span class='ocr_line' id='line_1_30' title="bbox 66 2541 950 2647; baseline -0.002 -5"><span class='ocrx_word' id='word_1_200' title='bbox 66 2586 96 2645; x_wconf 85' lang='lat' dir='ltr'>N.</span> <span class='ocrx_word' id='word_1_201' title='bbox 122 2541 188 2647; x_wconf 77' lang='grc'><strong>112.</strong></span> <span class='ocrx_word' id='word_1_202' title='bbox 231 2586 289 2644; x_wconf 90' lang='lat' dir='ltr'>DE</span> <span class='ocrx_word' id='word_1_203' title='bbox 311 2584 455 2646; x_wconf 88' lang='lat' dir='ltr'>JUSTlS</span> <span class='ocrx_word' id='word_1_204' title='bbox 477 2583 625 2643; x_wconf 87' lang='lat' dir='ltr'>CAUSIS</span> <span class='ocrx_word' id='word_1_205' title='bbox 648 2581 950 2642; x_wconf 87' lang='lat' dir='ltr'><strong>PERMITTENDI</strong></span> 
     </span>
     <span class='ocr_line' id='line_1_31' title="bbox 245 2661 762 2726; baseline -0.012 -2"><span class='ocrx_word' id='word_1_206' title='bbox 245 2665 393 2726; x_wconf 86' lang='lat' dir='ltr'>MOTUS</span> <span class='ocrx_word' id='word_1_207' title='bbox 415 2661 762 2724; x_wconf 80' lang='lat' dir='ltr'><strong>SENSUALITATIS.</strong></span> 
     </span>
    </p>
   </div>
   <div class='ocr_carea' id='block_1_4' title="bbox 69 2820 858 2900">
    <p class='ocr_par' dir='ltr' id='par_1_12' title="bbox 69 2820 858 2900">
     <span class='ocr_line' id='line_1_32' title="bbox 69 2820 858 2900; baseline -0.011 -13"><span class='ocrx_word' id='word_1_208' title='bbox 69 2860 72 2865; x_wconf 96' lang='lat'>·</span> <span class='ocrx_word' id='word_1_209' title='bbox 153 2828 178 2886; x_wconf 90' lang='grc' dir='ltr'>Ι.</span> <span class='ocrx_word' id='word_1_210' title='bbox 188 2825 274 2886; x_wconf 75' lang='lat' dir='ltr'>Josto</span> <span class='ocrx_word' id='word_1_211' title='bbox 287 2844 374 2884; x_wconf 82' lang='lat' dir='ltr'>causo</span> <span class='ocrx_word' id='word_1_212' title='bbox 392 2833 432 2884; x_wconf 84' lang='lat' dir='ltr'>ert</span> <span class='ocrx_word' id='word_1_213' title='bbox 446 2821 560 2883; x_wconf 70' lang='lat' dir='ltr'>soatio</span> <span class='ocrx_word' id='word_1_214' title='bbox 581 2820 858 2900; x_wconf 80' lang='lat' dir='ltr'>Confessionum,etc.</span> 
     </span>
    </p>
   </div>
   <div class='ocr_carea' id='block_1_5' title="bbox 54 2980 1034 3947">
    <p class='ocr_par' dir='ltr' id='par_1_13' title="bbox 54 2980 976 3221">
     <span class='ocr_line' id='line_1_33' title="bbox 75 2980 976 3064; baseline -0.01 -16"><span class='ocrx_word' id='word_1_215' title='bbox 75 2986 259 3064; x_wconf 76' lang='lat' dir='ltr'><strong>QUANTA</strong></span> <span class='ocrx_word' id='word_1_216' title='bbox 283 2986 372 3045; x_wconf 91' lang='lat' dir='ltr'>debet</span> <span class='ocrx_word' id='word_1_217' title='bbox 385 3006 449 3046; x_wconf 91' lang='lat' dir='ltr'>esse</span> <span class='ocrx_word' id='word_1_218' title='bbox 462 3005 559 3054; x_wconf 83' lang='lat' dir='ltr'>causa,</span> <span class='ocrx_word' id='word_1_219' title='bbox 586 2984 625 3042; x_wconf 95' lang='lat' dir='ltr'>ob</span> <span class='ocrx_word' id='word_1_220' title='bbox 640 3001 728 3061; x_wconf 89' lang='lat' dir='ltr'>quam</span> <span class='ocrx_word' id='word_1_221' title='bbox 748 2980 816 3061; x_wconf 86' lang='lat' dir='ltr'>quis</span> <span class='ocrx_word' id='word_1_222' title='bbox 839 2999 870 3039; x_wconf 89' lang='lat' dir='ltr'>se</span> <span class='ocrx_word' id='word_1_223' title='bbox 883 2980 976 3059; x_wconf 82' lang='lat' dir='ltr'>possit</span> 
     </span>
     <span class='ocr_line' id='line_1_34' title="bbox 54 3059 974 3145; baseline -0.014 -15"><span class='ocrx_word' id='word_1_224' title='bbox 54 3069 144 3129; x_wconf 61' lang='lat' dir='ltr'>libere</span> <span class='ocrx_word' id='word_1_225' title='bbox 156 3065 329 3145; x_wconf 74' lang='lat' dir='ltr'>permissive</span> <span class='ocrx_word' id='word_1_226' title='bbox 350 3065 389 3124; x_wconf 87' lang='lat' dir='ltr'>ed</span> <span class='ocrx_word' id='word_1_227' title='bbox 399 3077 496 3125; x_wconf 89' lang='lat' dir='ltr'>motus</span> <span class='ocrx_word' id='word_1_228' title='bbox 508 3063 700 3132; x_wconf 85' lang='lat' dir='ltr'>inordinatos,</span> <span class='ocrx_word' id='word_1_229' title='bbox 716 3061 759 3121; x_wconf 90' lang='lat' dir='ltr'>sic</span> <span class='ocrx_word' id='word_1_230' title='bbox 771 3071 806 3120; x_wconf 91' lang='lat' dir='ltr'>ut</span> <span class='ocrx_word' id='word_1_231' title='bbox 818 3059 862 3118; x_wconf 93' lang='lat' dir='ltr'>illi</span> <span class='ocrx_word' id='word_1_232' title='bbox 874 3070 974 3118; x_wconf 84' lang='lat' dir='ltr'>motus</span> 
     </span>
     <span class='ocr_line' id='line_1_35' title="bbox 54 3143 715 3221; baseline -0.012 -12"><span class='ocrx_word' id='word_1_233' title='bbox 54 3161 92 3209; x_wconf 72' lang='lat' dir='ltr'>un</span> <span class='ocrx_word' id='word_1_234' title='bbox 101 3157 280 3216; x_wconf 77' lang='lat' dir='ltr'>censeantur</span> <span class='ocrx_word' id='word_1_235' title='bbox 294 3145 453 3205; x_wconf 89' lang='lat' dir='ltr'>voluntarii</span> <span class='ocrx_word' id='word_1_236' title='bbox 460 3165 516 3203; x_wconf 89' lang='lat' dir='ltr'>nec</span> <span class='ocrx_word' id='word_1_237' title='bbox 530 3143 715 3221; x_wconf 79' lang='lat' dir='ltr'>culpabiles?</span> 
     </span>
    </p>

    <p class='ocr_par' dir='ltr' id='par_1_14' title="bbox 54 3217 976 3464">
     <span class='ocr_line' id='line_1_36' title="bbox 73 3217 975 3296; baseline -0.012 -9"><span class='ocrx_word' id='word_1_238' title='bbox 73 3230 98 3293; x_wconf 85' lang='lat'>1.</span> <span class='ocrx_word' id='word_1_239' title='bbox 112 3231 148 3288; x_wconf 71' lang='lat' dir='ltr'>lt</span> <span class='ocrx_word' id='word_1_240' title='bbox 162 3226 261 3284; x_wconf 88' lang='lat' dir='ltr'>Debet</span> <span class='ocrx_word' id='word_1_241' title='bbox 275 3237 437 3296; x_wconf 70' lang='lat' dir='ltr'>cesennia,</span> <span class='ocrx_word' id='word_1_242' title='bbox 452 3236 486 3284; x_wconf 91' lang='lat' dir='ltr'>ut</span> <span class='ocrx_word' id='word_1_243' title='bbox 505 3244 574 3282; x_wconf 90' lang='lat' dir='ltr'>oum</span> <span class='ocrx_word' id='word_1_244' title='bbox 595 3243 649 3282; x_wconf 93' lang='lat' dir='ltr'>suo</span> <span class='ocrx_word' id='word_1_245' title='bbox 669 3221 775 3281; x_wconf 84' lang='lat' dir='ltr'>effectu</span> <span class='ocrx_word' id='word_1_246' title='bbox 793 3221 871 3279; x_wconf 92' lang='lat' dir='ltr'>bono</span> <span class='ocrx_word' id='word_1_247' title='bbox 883 3217 913 3275; x_wconf 91' lang='lat' dir='ltr'>in</span> <span class='ocrx_word' id='word_1_248' title='bbox 928 3217 975 3276; x_wconf 86' lang='lat' dir='ltr'>his</span> 
     </span>
     <span class='ocr_line' id='line_1_37' title="bbox 54 3297 976 3383; baseline -0.02 -12"><span class='ocrx_word' id='word_1_249' title='bbox 54 3301 264 3370; x_wconf 70' lang='lat' dir='ltr'>&#39;ucumstantiis</span> <span class='ocrx_word' id='word_1_250' title='bbox 276 3306 436 3383; x_wconf 67' lang='lat' dir='ltr'>praevaleat</span> <span class='ocrx_word' id='word_1_251' title='bbox 455 3305 519 3364; x_wconf 91' lang='lat' dir='ltr'>istis</span> <span class='ocrx_word' id='word_1_252' title='bbox 533 3303 662 3362; x_wconf 88' lang='lat' dir='ltr'>motibus</span> <span class='ocrx_word' id='word_1_253' title='bbox 682 3322 734 3361; x_wconf 90' lang='lat' dir='ltr'>seu</span> <span class='ocrx_word' id='word_1_254' title='bbox 748 3297 865 3359; x_wconf 85' lang='lat' dir='ltr'>effectui</span> <span class='ocrx_word' id='word_1_255' title='bbox 888 3297 976 3368; x_wconf 85' lang='lat' dir='ltr'>malo,</span> 
     </span>
     <span class='ocr_line' id='line_1_38' title="bbox 54 3380 956 3464; baseline -0.014 -14"><span class='ocrx_word' id='word_1_256' title='bbox 54 3401 120 3450; x_wconf 71' lang='lat' dir='ltr'>lxta</span> <span class='ocrx_word' id='word_1_257' title='bbox 132 3385 267 3463; x_wconf 79' lang='lat' dir='ltr'>regulam</span> <span class='ocrx_word' id='word_1_258' title='bbox 284 3388 322 3444; x_wconf 87' lang='lat' dir='ltr'>N.</span> <span class='ocrx_word' id='word_1_259' title='bbox 341 3396 387 3448; x_wconf 85' lang='grc'>15.</span> <span class='ocrx_word' id='word_1_260' title='bbox 399 3386 582 3464; x_wconf 79' lang='lat' dir='ltr'>explicatam.</span> <span class='ocrx_word' id='word_1_261' title='bbox 942 3380 956 3387; x_wconf 81' lang='lat'>&#39;&#39;</span> 
     </span>
    </p>

    <p class='ocr_par' dir='ltr' id='par_1_15' title="bbox 54 3456 976 3705">
     <span class='ocr_line' id='line_1_39' title="bbox 72 3456 976 3547; baseline -0.019 -16"><span class='ocrx_word' id='word_1_262' title='bbox 72 3464 263 3547; x_wconf 83' lang='lat' dir='ltr'>Hujusrnodi</span> <span class='ocrx_word' id='word_1_263' title='bbox 280 3465 370 3544; x_wconf 88' lang='lat' dir='ltr'>justae</span> <span class='ocrx_word' id='word_1_264' title='bbox 391 3486 486 3526; x_wconf 84' lang='lat' dir='ltr'>causae</span> <span class='ocrx_word' id='word_1_265' title='bbox 510 3472 579 3522; x_wconf 91' lang='lat' dir='ltr'>sunt</span> <span class='ocrx_word' id='word_1_266' title='bbox 602 3456 715 3522; x_wconf 86' lang='lat' dir='ltr'>auditio</span> <span class='ocrx_word' id='word_1_267' title='bbox 742 3456 976 3530; x_wconf 84' lang='lat' dir='ltr'>Confessionum,</span> 
     </span>
     <span class='ocr_line' id='line_1_40' title="bbox 54 3537 976 3623; baseline -0.016 -11"><span class='ocrx_word' id='word_1_268' title='bbox 54 3548 125 3611; x_wconf 63' lang='lat' dir='ltr'>letio</span> <span class='ocrx_word' id='word_1_269' title='bbox 137 3566 261 3617; x_wconf 81' lang='lat' dir='ltr'>casuum</span> <span class='ocrx_word' id='word_1_270' title='bbox 272 3547 457 3606; x_wconf 75' lang='lat' dir='ltr'>conscientie</span> <span class='ocrx_word' id='word_1_271' title='bbox 471 3565 526 3623; x_wconf 92' lang='lat' dir='ltr'>pro</span> <span class='ocrx_word' id='word_1_272' title='bbox 535 3540 730 3611; x_wconf 86' lang='lat' dir='ltr'>Confessario,</span> <span class='ocrx_word' id='word_1_273' title='bbox 755 3537 908 3598; x_wconf 88' lang='lat' dir='ltr'>servitium</span> <span class='ocrx_word' id='word_1_274' title='bbox 923 3556 976 3597; x_wconf 85' lang='lat' dir='ltr'>ne·</span> 
     </span>
     <span class='ocr_line' id='line_1_41' title="bbox 54 3623 727 3705; baseline -0.018 -15"><span class='ocrx_word' id='word_1_275' title='bbox 54 3628 197 3690; x_wconf 62' lang='lat' dir='ltr'>amrium</span> <span class='ocrx_word' id='word_1_276' title='bbox 209 3626 255 3684; x_wconf 90' lang='lat' dir='ltr'>vel</span> <span class='ocrx_word' id='word_1_277' title='bbox 270 3625 342 3685; x_wconf 88' lang='lat' dir='ltr'>utile</span> <span class='ocrx_word' id='word_1_278' title='bbox 355 3626 520 3705; x_wconf 73' lang='lat' dir='ltr'>praestitum</span> <span class='ocrx_word' id='word_1_279' title='bbox 529 3623 656 3692; x_wconf 89' lang='lat' dir='ltr'>infirmo,</span> <span class='ocrx_word' id='word_1_280' title='bbox 670 3630 727 3679; x_wconf 87' lang='lat' dir='ltr'>etc.</span> 
     </span>
    </p>

    <p class='ocr_par' dir='ltr' id='par_1_16' title="bbox 54 3695 1034 3947">
     <span class='ocr_line' id='line_1_42' title="bbox 73 3695 993 3775; baseline -0.021 -5"><span class='ocrx_word' id='word_1_281' title='bbox 73 3709 160 3770; x_wconf 89' lang='lat' dir='ltr'>Talis</span> <span class='ocrx_word' id='word_1_282' title='bbox 171 3706 240 3765; x_wconf 75' lang='lat' dir='ltr'>vero</span> <span class='ocrx_word' id='word_1_283' title='bbox 253 3707 399 3767; x_wconf 71' lang='lat' dir='ltr'>ordinaris</span> <span class='ocrx_word' id='word_1_284' title='bbox 412 3725 473 3764; x_wconf 90' lang='lat' dir='ltr'>non</span> <span class='ocrx_word' id='word_1_285' title='bbox 493 3715 539 3764; x_wconf 87' lang='lat' dir='ltr'>est</span> <span class='ocrx_word' id='word_1_286' title='bbox 551 3702 642 3763; x_wconf 84' lang='lat' dir='ltr'>lectio</span> <span class='ocrx_word' id='word_1_287' title='bbox 657 3701 733 3761; x_wconf 80' lang='lat' dir='ltr'>libri</span> <span class='ocrx_word' id='word_1_288' title='bbox 743 3699 797 3760; x_wconf 76' lang='lat' dir='ltr'>uel</span> <span class='ocrx_word' id='word_1_289' title='bbox 808 3695 993 3775; x_wconf 68' lang='lat' dir='ltr'>alloquium,</span> 
     </span>
     <span class='ocr_line' id='line_1_43' title="bbox 54 3776 1012 3866; baseline -0.013 -22"><span class='ocrx_word' id='word_1_290' title='bbox 54 3785 206 3844; x_wconf 72' lang='lat' dir='ltr'>otiositatis</span> <span class='ocrx_word' id='word_1_291' title='bbox 225 3796 278 3843; x_wconf 86' lang='lat' dir='ltr'>aut</span> <span class='ocrx_word' id='word_1_292' title='bbox 291 3787 487 3846; x_wconf 85' lang='lat' dir='ltr'>recreationis</span> <span class='ocrx_word' id='word_1_293' title='bbox 500 3787 618 3866; x_wconf 77' lang='lat' dir='ltr'>gratiis,</span> <span class='ocrx_word' id='word_1_294' title='bbox 640 3785 668 3847; x_wconf 86' lang='lat' dir='ltr'>si</span> <span class='ocrx_word' id='word_1_295' title='bbox 693 3783 771 3844; x_wconf 79' lang='lat' dir='ltr'>intle</span> <span class='ocrx_word' id='word_1_296' title='bbox 783 3776 1012 3861; x_wconf 59' lang='lat' dir='ltr'>commomouep</span> 
     </span>
     <span class='ocr_line' id='line_1_44' title="bbox 54 3855 1034 3947; baseline -0.023 -7"><span class='ocrx_word' id='word_1_297' title='bbox 54 3863 149 3919; x_wconf 53' lang='lat' dir='ltr'>mal&amp;</span> <span class='ocrx_word' id='word_1_298' title='bbox 160 3875 355 3938; x_wconf 50' lang='lat' dir='ltr'>sequentum</span> <span class='ocrx_word' id='word_1_299' title='bbox 380 3868 456 3947; x_wconf 90' lang='lat' dir='ltr'>quia</span> <span class='ocrx_word' id='word_1_300' title='bbox 469 3868 517 3929; x_wconf 91' lang='lat' dir='ltr'>illi</span> <span class='ocrx_word' id='word_1_301' title='bbox 545 3869 680 3932; x_wconf 84' lang='lat' dir='ltr'>effectus</span> <span class='ocrx_word' id='word_1_302' title='bbox 695 3866 775 3929; x_wconf 78' lang='lat' dir='ltr'>maii</span> <span class='ocrx_word' id='word_1_303' title='bbox 796 3871 876 3926; x_wconf 80' lang='lat' dir='ltr'>sunt</span> <span class='ocrx_word' id='word_1_304' title='bbox 893 3855 1034 3933; x_wconf 52' lang='lat' dir='ltr'>maroti*</span> 
     </span>
    </p>
   </div>
   <div class='ocr_carea' id='block_1_6' title="bbox 0 0 1087 4072">
    <p class='ocr_par' dir='ltr' id='par_1_17' title="bbox 0 0 1087 4072">
     <span class='ocr_line' id='line_1_45' title="bbox 0 0 1087 4072; baseline 0 0"><span class='ocrx_word' id='word_1_305' title='bbox 0 0 1087 4072; x_wconf 95' lang='lat' dir='ltr'> </span> 
     </span>
    </p>
   </div>
  </div>
 </body>
</html>
