2160 4072
388 113 433 158 ns
449 112 620 159 arcearis.
909 92 975 163 ὅδ’(

75 254 160 316 vnn
169 256 207 332 fit
221 263 416 338 aarum
439 270 492 316 iem
544 258 609 318 aas.
651 260 706 320 vr.
739 238 865 316 amuel
887 257 971 336 arpa

70 345 166 395 munet
180 354 254 415 aoepe
264 355 349 413 paeno
369 344 492 416 temporo
504 337 537 395 is.
579 339 653 401 v11.
676 337 827 404 Quornodo-
837 334 972 413 differunt

70 415 157 505 cahra
173 423 204 508 'et
221 433 318 494 pauo.
358 416 448 476 V111.
472 414 566 498 Culpa
593 417 710 477 omiode
728 416 812 494 pejor
825 417 866 474 eri
888 415 971 492 penti

70 495 189 572 asem.

73 653 342 727 QUOTUPLEX
356 668 401 717 est
413 668 511 718 reatus
524 660 661 738 peccati?

73 733 98 792 l.
109 735 145 793 R.
161 734 292 814 Duplex,
307 736 403 815 culpae
417 737 529 798 scilicet
543 751 573 799 et
585 760 691 819 poenae.

43 846 51 861 ·
75 812 119 872 11.
141 816 251 875 Reatus
273 815 369 894 culpae
389 830 433 877 est
447 819 582 878 debitum
594 816 752 898 reparandi
766 817 905 897 injuriam
919 835 971 876 seu

43 888 173 952 ffensom
184 893 252 954 Deo
263 915 318 974 per
331 909 486 975 peccatum
499 899 620 958 illatam.

75 972 136 1033 111.
165 975 275 1035 Rectus
301 997 399 1054 poenae
418 988 463 1037 est
489 978 623 1038 debitum
643 997 741 1058 poenae
762 978 801 1036 ob
814 986 969 1057 peccatum

43 1052 160 1125 banda
174 1064 278 1134 estque
291 1057 413 1136 duplex,
428 1057 540 1118 scilicet
558 1069 658 1119 reatus
677 1077 775 1138 poene
795 1070 920 1128 eterne,
940 1067 971 1116 et

43 1144 132 1201 ‚utus
145 1154 241 1211 poenae
251 1138 430 1215 temporalis.

74 1213 231 1288 Quodnam
245 1227 398 1294 peccatum
411 1218 527 1278 inducit
536 1231 653 1278 reatum
665 1239 762 1297 poena
778 1220 914 1278 eterne?

46 1314 51 1319 ·
74 1292 127 1351 IV.
143 1295 179 1353 R.
191 1296 327 1367 Mortale,
338 1297 430 1376 idque
444 1299 482 1357 de
496 1299 555 1358 fide
568 1310 633 1371 est,·
654 1301 796 1378 probatur
810 1318 847 1356 ex
861 1295 970 1355 Matth.

43 1388 97 1450 up.
111 1381 158 1434 25.
173 1395 202 1433 v.
217 1373 273 1436 46:
303 1385 324 1411 “
336 1379 429 1437 Ibunt
447 1378 480 1437 hi
500 1378 533 1436 in
546 1379 727 1458 supplicium
741 1389 883 1438 eternum
891 1379 920 1448 ;'’
940 1386 970 1433 et

43 1466 72 1509 x
90 1455 179 1513 variis
193 1455 258 1515 aliis
274 1457 534 1536 Scripturaelocis‚
556 1459 667 1538 quibus
687 1459 802 1519 accedit
825 1455 970 1516 unanimis

43 1528 87 1592 IS.
102 1535 224 1594 Petrum
234 1555 401 1598 consensus.

50 1680 62 1689 η
73 1612 158 1674 Idem
170 1615 341 1693 profitemur
354 1619 386 1676 in
400 1620 543 1698 Symbolo
557 1619 586 1678 S.
600 1619 765 1690 Athanasii,
781 1629 812 1679 et
834 1613 969 1676 definivit

43 1688 145 1753 loom.
161 1697 360 1758 Lateraneuse
374 1719 438 1778 cap.
455 1701 631 1759 Fraternas.
672 1698 751 1758 Vide
762 1699 910 1778 Sylvium.

73 1774 218 1835 Probatur
236 1779 324 1837 etiam
349 1781 521 1840 arationes
551 1780 621 1858 quia
647 1780 678 1839 in
705 1791 828 1858 peccato
853 1773 971 1836 mortali

43 1855 178 1931 *peritur
188 1858 302 1926 aversio
312 1861 328 1916 i
339 1860 405 1918 Deo
413 1860 451 1918 de
461 1880 493 1918 se
505 1860 705 1939 irreparabilis
715 1883 725 1931 ;
739 1864 809 1919 eum
816 1866 971 1937 peccatum

43 1935 155 1994 mortale
168 1937 253 1997 tollat
273 1939 408 2016 gratiam,
430 1960 496 2017 qua
517 1951 562 2000 est
574 1940 754 2018 principium
767 1939 837 1999 vita
851 1937 971 2016 spiritu·

43 2010 104 2072 riis:
131 2018 212 2076 unde
225 2038 352 2096 peccans
365 2020 538 2090 mortaliter,
553 2029 691 2079 censetur
705 2019 782 2078 velle
795 2019 970 2095 interpreta-

43 2090 93 2154 u've
106 2108 281 2175 perpetuam
295 2104 310 2158 ὲ
326 2101 393 2158 Deo
412 2100 613 2159 aversionem:
639 2101 682 2157 uti
709 2099 794 2158 latius
819 2109 970 2157 ostensum

43 2172 91 2235 luit
101 2177 140 2237 N.
154 2185 203 2236 20.
225 2186 245 2212 “
259 2179 297 2238 de
311 2190 440 2258 quatuor
455 2181 483 2238 N
486 2178 659 2239 ovissimis.”

72 2256 232 2317 Undenam
245 2260 384 2336 provenit
393 2271 494 2319 reatus
507 2279 603 2338 prenae
615 2259 810 2338 temporalis?

74 2335 109 2394 V.
125 2338 160 2396 lt
176 2339 224 2397 Ex
237 2351 359 2418 pecsano
371 2340 494 2400 veniali:
516 2340 589 2399 item
603 2359 681 2419 sepe
693 2360 731 2400 ex
744 2339 860 2400 mortali
873 2335 972 2416 quoad

43 2414 150 2493 culpam
164 2419 295 2478 remisso.

74 2497 262 2576 Quandoque
284 2511 384 2560 tamen
409 2520 464 2579 per
483 2500 619 2560 accidens
643 2500 803 2560 secundum
829 2500 971 2559 Sanctum

43 2572 180 2637 Ihomam
194 2579 253 2649 hle,
268 2592 324 2640 ort.
339 2588 367 2640 5.
379 2582 417 2640 ad
431 2588 458 2642 3.
475 2592 504 2640 et
518 2579 618 2659 suppl.
639 2591 742 2658 quaest.
757 2579 806 2648 69.
819 2592 874 2637 art.
889 2585 917 2644 I·
932 2574 972 2632 ad

43 2653 64 2716 i.
103 2657 261 2718 Peccatum
275 2661 390 2720 veniale
403 2661 528 2740 punitur
547 2665 636 2739 poent
653 2665 772 2731 aterna,
783 2658 902 2738 quando
916 2654 973 2716 sci-

43 2734 90 2802 lice
98 2737 271 2798 tdemnatus
284 2741 315 2799 iu
328 2741 380 2799 illo
393 2742 501 2800 veniali
515 2751 651 2800 mortuus
665 2751 717 2800 est.
837 2769 840 2774 Δ

74 2819 181 2879 scotus
191 2819 261 2878 verd
275 2821 385 2899 aliique
399 2822 576 2892 existimant,
589 2841 709 2899 poenam
721 2820 766 2878 illi
784 2829 907 2898 peccato
921 2836 971 2898 ve·

43 2896 104 2958 oiali
117 2898 150 2957 in
168 2917 237 2957 casu
250 2901 348 2978 posito
358 2901 498 2972 debitam,
512 2901 672 2979 aliquando
685 2901 852 2959 finiendam.

73 2977 195 3058 Sylvius
205 2992 307 3039 contra
321 2982 437 3040 Estium
448 2981 582 3052 sustinet,
596 3001 715 3060 poenam
725 2980 917 3059 temporalem
936 2999 973 3038 ex

43 3056 163 3199 fflffl
176 3060 305 3120 remissis
313 3073 472 3121 restantem
482 3061 754 3140 ininfernosposita
766 3057 973 3129 satisfactione,

72 3221 126 3281 An
140 3240 213 3305 ergo
226 3221 347 3281 remissa
363 3222 461 3300 culpi,
474 3241 535 3280 nou
548 3221 709 3281 remittitur
721 3221 817 3280 omnis
823 3222 932 3299 poena?

73 3298 130 3359 vl.
156 3300 287 3360 Remissa
309 3302 406 3379 culpi,
429 3322 545 3380 semper
565 3302 727 3362 remittitur
746 3321 835 3379 poeua
855 3309 972 3372 aterna,

43 3378 88 3441 ml
100 3393 234 3441 remanet
248 3381 405 3454 ordinarii,
429 3392 626 3460 preterquam
647 3382 680 3440 iu
704 3381 863 3458 Baptismo,
885 3399 975 3458 poena

43 3461 208 3538 ternporalis
234 3460 352 3531 luenda,
380 3463 478 3541 idque.
491 3482 528 3521 ex
548 3462 676 3540 positiva
697 3462 756 3520 Dei
779 3459 971 3519 ordinatione.

43 3540 112 3600 Hac
126 3540 261 3600 docuiua
275 3542 396 3601 definita
415 3553 460 3600 est
472 3542 504 3599 in
524 3541 616 3600 Cone.
630 3541 764 3602 Trident.
783 3559 852 3599 sess.
866 3539 893 3600 6.
909 3557 974 3598 can.

43 3627 85 3680 ³⁰.
99 3631 130 3680 et
143 3641 212 3680 sess
231 3631 275 3683 lta
291 3642 354 3682 can.
381 3631 427 3682 12.
468 3620 545 3680 Vide
566 3623 657 3681 Num.
682 3621 730 3682 36.
761 3620 816 3680 ‘de
830 3622 960 3680 Sacram.

43 3708 58 3734 '‘
69 3701 195 3760 Poenit”

74 3779 140 3838 VH.
155 3781 194 3838 In
206 3800 268 3858 quo
281 3781 380 3851 differt
394 3782 488 3864 culpa
501 3783 517 3844 i
530 3787 641 3867 poena?
