2160 4072
42 18 51 21 “
122 17 1007 57 ’ἡ

281 82 718 148 DBACTIBUSHUMAN1s.'
802 88 806 101 '
888 84 1003 175 231·

41 249 84 307 21.
104 249 199 327 Opus
212 258 312 309 tutem
325 249 453 309 otiosum
464 267 502 309 ex
517 247 546 306 S.
563 249 656 326 Greg.
669 247 791 307 homilis
814 251 897 309 sexti
920 251 953 307 in

41 329 211 406 angelium
229 328 350 400 dicitur,
374 328 456 408 quod
478 339 530 388 aut
543 329 672 388 utilitate
685 328 885 399 rectitudinis,
900 340 952 389 sut

41 408 121 467 ione
132 409 224 488 justae
237 409 420 469 necessitatis
435 420 523 468 caret.
857 464 861 471 .

41 487 107 549 [ΙΙ.
122 489 168 550 2⁰.
182 487 347 560 Quaeritur,
361 488 458 568 qualis
469 490 509 549 sit
521 498 605 549 actus
618 489 651 547 in
660 507 770 566 genere
784 490 886 558 moris,
897 489 951 548 sli-

41 568 75 631 td
90 571 177 631 meri
189 567 259 630 ideo
271 571 417 640 omittere,
439 569 510 649 quis
533 589 594 629 non
615 580 663 628 est
685 580 870 648 preceptum
898 589 951 628 sen

41 648 152 728 ligatio
165 648 242 711 illud
259 650 410 712 faciendi?

41 731 82 789 R.
100 733 158 791 Est
171 729 259 791 diem
271 741 355 791 ectus
367 730 479 791 otiosus
493 738 523 789 et
536 729 640 800 mains,
655 728 681 788 si
694 749 800 807 nempe
813 729 950 791 volunta-

41 821 89 868 =et
102 810 266 871 deliberati
277 810 440 881 omittetur,
462 809 533 888 quie
550 821 631 869 seret
655 811 764 869 iterum
788 809 847 869 fine
860 830 950 888 prox·

41 911 63 949 .o
80 890 228 951 honestos
247 891 291 951 ite
303 892 431 952 otiosum
445 901 490 950 est
504 889 640 949 omittere
653 890 775 949 Sacrum
787 890 836 949 die
854 891 950 951 feriali

41 973 84 1029 ere
96 970 176 1041 ideo,
191 970 262 1048 quie
274 991 336 1030 non
345 983 390 1031 est
402 980 596 1050 preceptum.

45 1049 119 1128 obj.
136 1050 268 1114 Omissis
280 1050 332 1111 iile
345 1051 429 1112 Sacri
442 1070 503 1109 non
517 1061 562 1109 est
576 1060 679 1109 contra
697 1049 795 1109 ullum
815 1071 949 1130 precep-

41 1151 88 1192 m:
111 1151 186 1208 ergo
202 1151 263 1191 uon
273 1143 321 1191 est
330 1131 416 1193 maie.

46 1212 82 1269 R.
99 1212 234 1282 Sacrum,
247 1212 329 1289 quod
342 1211 499 1281 omittitur,
512 1209 653 1287 equidem
663 1228 725 1268 non
739 1209 819 1270 cedit
832 1212 947 1290 simpli-

41 1309 78 1349 er
92 1293 149 1351 sub
158 1302 316 1370 praecepto,
328 1290 395 1352 crim
406 1293 469 1350 sine
481 1301 604 1369 peccato
614 1290 708 1368 possit
716 1290 823 1362 omitti;
834 1295 952 1351 verume·

41 1371 209 1441 memmium
235 1370 304 1450 quis
316 1372 393 1433 illud
405 1370 567 1431 deliberate
580 1370 710 1442 omittit3
731 1380 849 1431 tenetur
870 1373 948 1431 illud

41 1450 143 1511 rittere
166 1450 331 1511 secuuddm
344 1451 496 1511 dictamen
515 1461 604 1511 recte
625 1449 748 1509 rationis
761 1451 792 1509 vi
805 1455 948 1530 praecepti

41 1531 152 1591 merulis
165 1541 196 1589 et
206 1530 359 1600 naturalis,
371 1551 435 1609 quo
447 1529 538 1588 homo
547 1529 709 1589 deliberate
722 1550 814 1608 egens
828 1542 948 1593 tenetur

41 1611 160 1673 undere
173 1611 261 1671 finem
275 1611 419 1671 debitum.

44 1691 88 1750 3⁰.
112 1692 275 1765 Quaeritur,
294 1691 390 1770 qualis
404 1690 443 1749 sit
455 1700 549 1760 ectus,
563 1690 617 1768 qni
631 1691 670 1749 sit
679 1690 718 1751 ed
732 1691 946 1753 subleuantium

41 1780 120 1831 turre
134 1771 341 1850 indigentium,
364 1791 394 1832 v.
418 1791 449 1848 g.
469 1771 558 1829 edere
568 1780 622 1829 aut
636 1770 739 1830 bibere
749 1772 788 1831 cd
801 1783 947 1834 sustenta·

41 1869 114 1910 nem
136 1851 278 1930 corporis,
301 1851 464 1923 ambulare,
487 1849 628 1921 dormire,
643 1850 806 1913 medicinas
818 1872 945 1927 sumere,

41 1950 58 1989 u
72 1931 113 1991 ed
126 1931 258 2010 corporis
271 1931 494 1991 valetudinem?

43 2011 97 2069 IV.
123 2012 161 2072 R.
181 2012 211 2071 S·
227 2013 340 2071 Bonev·
363 2011 438 2073 tales
451 2021 535 2069 ectus
547 2021 633 2069 vocet
645 2009 868 2074 indifferentes:
889 2015 943 2073 sed

41 2090 106 2151 stim
117 2091 231 2151 dicitur
245 2111 312 2151 cum
327 2092 357 2151 S.
372 2091 432 2151 Th.
446 2100 550 2168 quaest·
568 2097 613 2150 18.
628 2101 682 2152 ert.
697 2100 726 2161 9.
739 2091 778 2151 ed
792 2100 820 2153 3.
846 2094 946 2155 “Hoc

41 2170 146 2249 ipsum,
161 2171 243 2251 quod
255 2171 363 2251 aliquis
377 2171 441 2250 ugit
451 2169 584 2237 ordinate
595 2171 634 2229 ud
645 2171 887 2237 sustentationem
895 2175 946 2237 vel

41 2250 168 2328 quietern
180 2253 226 2312 sui
235 2252 378 2331 corporis,
390 2252 428 2311 ad
438 2253 550 2311 bonum
561 2250 679 2311 virtutis
691 2252 845 2313 ordinetur
852 2254 885 2312 in
896 2274 945 2324 eo,

41 2332 89 2408 qui
102 2351 211 2409 corpus
225 2353 312 2393 suum
325 2332 444 2392 ordinat
457 2330 497 2391 ed
508 2331 623 2390 bonum
643 2331 789 2393 virustis.’'
808 2333 944 2412 adeoque

41 2420 85 2471 tus
97 2412 143 2471 illi
156 2424 231 2473 sunt.
238 2413 319 2472 boni.

44 2492 101 2551 Sed
113 2492 192 2570 quid
202 2492 243 2553 de
252 2493 409 2553 fricatione
421 2493 531 2561 barbe,
544 2491 689 2570 ejectione
702 2503 870 2571 sputorum,
885 2495 941 2553 iri«

41 2572 116 2634 tione
129 2593 272 2633 manum
280 2574 322 2633 ed
334 2573 509 2653 pellendum
522 2571 631 2648 frigus,
646 2582 702 2635 etc.

43 2653 77 2711 R.
93 2653 225 2713 Similes
235 2665 318 2714 ectus
341 2653 519 2732 plerumque
543 2651 606 2709 fieri
619 2651 814 2712 indeliberutb
829 2672 866 2717 ex
880 2655 943 2714 sola

41 2732 252 2809 saginationeet
263 2735 304 2793 ita
320 2754 381 2793 non
400 2753 466 2793 esse
479 2730 623 2792 morales:
648 2731 730 2810 quid
743 2733 768 2791 si
781 2732 942 2795 deliberate

41 2823 84 2880 nt,
106 2822 139 2873 et
158 2813 259 2874 nullus
279 2813 346 2873 finis
358 2814 502 2873 honestus
515 2811 699 2883 intendetur,
712 2824 783 2873 sunt
803 2814 890 2875 otiosi
914 2827 944 2876 et

41 2891 88 2964 tli3
103 2892 129 2951 si
144 2898 211 2953 vero
224 2906 295 2954 ectu
306 2894 355 2953 vel
368 2894 480 2953 virtute
493 2892 601 2970 uliquis
609 2892 676 2953 finis
685 2892 827 2953 honestus
840 2895 940 2957 interr.

41 2982 99 3043 tur,
110 2973 186 3050 putei
197 2973 333 3032 levamen
347 2974 437 3033 animi
453 2972 501 3031 vel
515 2972 657 3051 corporis,
671 2983 746 3033 tunc
758 2986 828 3033 sunt
842 2976 922 3035 boni.

45 3051 83 3111 1⁰·
110 3053 268 3126 Quaeritur
278 3055 450 3132 quoleseint
463 3065 555 3123 ectus,
570 3053 714 3131 quibunt
726 3055 765 3113 ob
780 3055 875 3115 solum
890 3057 940 3115 de·

41 3135 209 3205 :tationem
222 3154 279 3212 pro
292 3135 483 3213 responsione
498 3133 536 3193 sit

41 3291 111 3358 .67.
163 3295 220 3355 DE
251 3294 434 3357 ACTIBUS
456 3293 534 3368 QUI
559 3293 692 3355 FIUNT
715 3294 771 3353 OB
794 3295 940 3354 SOLAM

276 3373 662 3434 DELue'rATtONEM.
722 3434 725 3438 .

47 3533 183 3595 Αοὶωοὸ
196 3533 284 3594 solum
307 3531 511 3591 delectationem
534 3531 670 3590 exereitus
695 3539 736 3591 est
754 3532 854 3593 molus.
898 3534 940 3592 ΙΙ.

41 3610 117 3669 Duoe
140 3612 342 3693 propositiones
369 3613 518 3672 damnate.
561 3610 800 3692 111.=Nequidem
825 3613 888 3672 licet
907 3613 940 3672 ob

41 3688 244 3751 delectationem
268 3691 437 3751 moderatam
468 3708 562 3769 ogere.
618 3691 673 3752 lv.
706 3690 805 3753 Etiam
835 3692 948 3757 tostin

41 3770 198 3828 sarmliter.

360 3864 365 3873 ’
423 3863 490 3915 12
