2160 4072
114 111 182 178 386
489 129 689 176 raseraros

116 276 250 337 Aliunde
257 289 356 337 tamen
366 275 455 336 etiam
466 275 528 335 fere
539 285 652 336 certum
662 287 708 337 est
718 297 834 356 paucos
841 298 951 358 pueros
959 277 1037 339 infide«

115 357 199 428 lium,
213 369 365 429 eteorum,
380 357 433 434 qui
446 365 516 414 sunt
528 357 605 416 male
614 356 744 429 educati,
758 357 793 418 id
805 360 916 420 faama

135 519 259 588 uma.
301 516 515 578 besuano
532 517 1028 580 raccauorvnuramrm

390 596 794 689 nonnonuam'rsn.

118 758 140 816 Ι.
169 757 215 816 Aa
238 777 307 817 osor
328 753 448 815 rationis
464 759 556 832 possit
580 776 640 816 esee
657 754 801 832 sufficiam
821 778 878 837 pro
898 759 1043 832 verialia

455 855 509 895 oon
525 857 581 916 pro
594 836 716 895 mortali.

157 1000 218 1056 AN
229 997 293 1056 fieri
304 1006 413 1076 potest,
429 996 510 1076 qubd
530 997 597 1074 quis
613 1015 768 1074 emergens
781 997 822 1056 ad
837 1017 928 1058 nsum
940 999 1045 1059 rationis

116 1080 154 1137 sit
167 1078 200 1135 in
213 1079 268 1136 illo
276 1088 366 1148 statu,
380 1089 416 1137 nt
436 1077 627 1136 sufficientem
640 1076 762 1135 rationis
782 1097 875 1137 usum
895 1076 1000 1139 habeat
1016 1080 1046 1138 ad

115 1160 300 1235 peccandum
321 1157 488 1227 venialiter,
507 1168 538 1216 et
550 1167 649 1216 tamen
668 1176 729 1215 non
742 1156 854 1218 habeat
868 1160 1050 1220 sufficientem

116 1239 155 1296 ad
168 1239 354 1316 peccandum
365 1237 549 1298 mortaliter?

156 1319 182 1378 l.
196 1321 232 1378 R.
248 1321 369 1397 Negant
384 1317 604 1387 Thomistae,ne
615 1317 730 1375 veniale
742 1316 906 1379 admittere
919 1332 1047 1399 cogantur

115 1419 182 1458 cum
198 1401 260 1459 solo
274 1397 419 1478 originali.
431 1396 560 1457 Videtur
573 1397 818 1474 distinguendum
829 1418 904 1458 cum
915 1401 1047 1460 Daelmrn
1072 1383 1080 1458 l

113 1480 170 1539 hoc
193 1480 301 1553 modo;
333 1480 388 1558 qui
406 1499 499 1558 capax
512 1488 558 1536 est
576 1479 615 1536 ad
628 1478 878 1538 committendum
907 1491 1046 1559 peemtm
1073 1464 1080 1574 'a

114 1560 230 1619 veniale
242 1559 373 1639 perfecte
386 1559 592 1626 deliberatum,
601 1557 747 1616 illectiam
759 1576 856 1636 capax
868 1571 915 1621 est
927 1561 968 1620 od
979 1581 1046 1623 com·

113 1640 293 1700 mittendum
307 1640 431 1699 mortale
438 1664 449 1713 ς
472 1638 541 1717 quin
554 1638 670 1696 facilids
687 1639 881 1716 cognoscitur
894 1661 988 1719 grave
997 1661 1047 1701 nu·

113 1719 186 1789 lum,
196 1721 286 1796 quiam
300 1718 375 1779 leve.

154 1799 185 1858 Si
194 1797 264 1857 verd
273 1811 379 1878 agatur
387 1800 425 1858 de
434 1811 556 1879 peccato
566 1799 674 1859 veniali
682 1819 718 1859 ex
729 1801 960 1878 imperfectione
965 1805 1045 1873 actis.

114 1879 151 1937 ad
166 1879 359 1957 quaestionem
374 1881 571 1958 respondetur
584 1881 764 1940 affirmative.
808 1882 900 1947 Ratio
912 1895 968 1956 est,
978 1882 1046 1962 qnid

113 1962 199 2036 pueri
210 1980 269 2019 non
280 1961 456 2038 perveniant
466 1962 504 2020 ad
510 1982 597 2020 usum
606 1960 728 2020 rationis
737 1960 909 2039 perfectum
920 1964 1015 2035 simul,
1023 1974 1046 2021 et

114 2042 202 2099 semel
217 2042 306 2099 unico
316 2042 436 2100 instanti
450 2043 585 2120 physico,
597 2042 648 2100 sed
661 2041 835 2113 successivo,
850 2055 946 2120 prout
960 2045 1045 2123 dispo·

112 2121 180 2179 sitio
192 2141 372 2198 organorum
387 2123 518 2200 corporis
529 2132 573 2180 est
587 2122 767 2180 successiva:
792 2123 926 2199 proinde
935 2134 1046 2202 possunt

111 2201 196 2277 prius
209 2201 318 2260 habere
329 2223 416 2261 usum
429 2203 551 2261 rationis
563 2202 779 2279 imperfectum,
792 2203 893 2278 qualis
904 2203 1044 2264 suffieitsd

110 2281 296 2356 peccandum
306 2283 471 2352 venialiter,
486 2293 516 2341 et
532 2294 636 2360 postea
648 2285 760 2340 tantbm
774 2283 915 2361 accipere
928 2286 1043 2363 perfect·
1076 2318 1079 2327 ·

110 2381 171 2431 uns,
184 2362 279 2439 qualis
293 2361 332 2420 ad
344 2363 529 2440 peccandum
542 2362 705 2420 mortaliter
718 2362 896 2438 requiritur.

65 2486 69 2495 .
151 2442 371 2502 Confirmatur:
395 2444 556 2501 fatentibus
576 2443 749 2501 adversariis
768 2453 870 2519 potest
896 2444 1029 2503 semi-dor

109 2522 204 2580 miens
213 2543 268 2600 pro
279 2522 330 2580 illo
343 2534 477 2600 tempore
484 2543 608 2602 peccare
618 2523 781 2591 venialiter,
791 2541 853 2580 non
867 2536 967 2584 autem
977 2542 1039 2582 mor·
1078 2569 1080 2584 2

109 2601 216 2672 taliter,
239 2603 381 2680 quamdin
391 2602 423 2660 in
444 2604 496 2662 illo
520 2613 597 2662 statu
613 2614 717 2672 manet,
738 2603 776 2659 ob
790 2602 1037 2681 imperfectionem
1066 2654 1068 2664 .

111 2680 341 2754 deliberationis,
357 2695 387 2742 et
397 2684 475 2741 idem
487 2684 591 2742 asserit
601 2684 718 2742 Herinx
729 2683 767 2740 de
777 2685 1037 2744 semi-amentrbus:
1075 2740 1080 2747 ,

109 2781 180 2836 ergo
194 2763 334 2821 videntur
347 2765 433 2841 pueri
444 2783 531 2842 posse
546 2784 608 2823 esse
621 2764 652 2821 in
664 2763 716 2822 tali
727 2773 815 2832 statu,
827 2762 860 2821 in
872 2786 935 2843 quo
944 2763 1037 2842 possint

107 2860 231 2918 peceare
245 2844 401 2902 venialiter
422 2855 451 2902 et
464 2864 525 2901 non
548 2844 721 2914 mortaliter,
736 2843 775 2901 ob
789 2842 938 2904 hactenus
949 2847 1037 2922 imper·

107 2923 218 2978 fectum
233 2923 355 2982 rationis
375 2945 471 2984 usum.

146 3006 196 3059 An
212 3002 347 3061 similiter
367 3005 474 3083 aliquis
487 3015 585 3082 potest
598 3004 709 3063 habere
723 3001 921 3062 sufficientem
935 3005 1037 3066 rationis
1068 3017 1074 3041 ·’

106 3101 193 3139 nsum
208 3082 247 3140 ad
254 3085 439 3159 peccandum
452 3085 615 3143 mortaliter
628 3084 661 3142 in
676 3104 735 3142 una
748 3083 884 3155 materia,
899 3096 931 3144 et
944 3084 1036 3145 nonad

108 3161 149 3219 sic
164 3163 350 3238 peccandum
364 3165 397 3221 in
411 3165 489 3224 alia?

149 3244 183 3300 ll.
198 3243 317 3319 Sylvius
332 3255 362 3302 et
376 3246 513 3321 Steyaert
523 3246 669 3303 affirmant
680 3268 690 3317 3
702 3245 744 3303 ita
758 3254 792 3302 ut
803 3243 873 3322 quis
887 3247 1037 3324 possitae
1076 3281 1080 3302 .

106 3342 197 3398 capax
209 3323 247 3379 ad
257 3323 456 3401 judicandum
469 3324 661 3384 homicidium
676 3337 706 3383 et
718 3345 762 3394 ea,
784 3346 852 3403 quae
869 3339 941 3387 aunt
954 3339 1037 3386 coum

104 3403 200 3475 prima
207 3404 283 3480 juris
291 3415 405 3462 naturae
412 3405 570 3482 principia,
577 3425 640 3463 esse
650 3415 773 3482 peccata
782 3407 937 3468 mortalia:
949 3407 1037 3465 nonita

104 3481 141 3537 nd
157 3481 385 3542 discernendum
410 3506 539 3554 usuram,
565 3505 593 3545 v.
616 3506 646 3562 g.
672 3506 735 3544 esse
748 3497 907 3564 peccatum
921 3485 1036 3552 mortula

102 3561 312 3620 Verumtamen
322 3564 353 3621 in
365 3565 511 3623 similibus
520 3566 648 3642 practice
659 3585 750 3644 agens
759 3577 864 3625 contra
869 3567 922 3646 jus
930 3578 1037 3632 nature,

103 3656 161 3696 uon
178 3644 366 3704 excusabitur
381 3646 419 3703 ab
432 3647 512 3703 omni
523 3656 646 3723 peccato
658 3670 669 3719 3
681 3648 769 3724 juxta
782 3646 864 3706 dieta
881 3647 971 3711 Num.
984 3655 1025 3713 47·

322 3817 344 3845 “
361 3807 453 3869 Finis
465 3807 636 3867 Tractatbs
648 3802 689 3861 de
700 3801 860 3860 iaceatis?
