2160 4072
67 110 111 178 46
433 130 634 179 ruscum

108 277 146 336 V.
171 277 219 339 Ex
242 275 331 341 dictis
343 286 468 348 constat,
489 277 521 339 in
543 278 610 336 Deo
623 296 688 337 esse
699 275 868 337 libertatem
890 279 1002 359 proprii

68 357 200 428 dictum
225 355 315 435 quod,
328 356 458 421 ulterius
481 357 602 437 probari
622 367 722 437 potest
735 376 773 417 ex
786 357 913 418 diversis
936 359 1000 418 locis

67 439 165 502 Secrae
179 437 352 516 scripture,
367 457 396 498 v.
407 457 438 516 g.
452 457 490 499 ex
505 437 675 500 Ecclesiast.
768 445 818 508 39.
844 459 871 498 s.
886 447 919 500 8.
943 446 962 476 “
973 440 1000 500 Si
1021 436 1023 445 ’

68 524 90 553 “
100 516 248 579 Dominus
258 518 534 598 mugnusvolusrit,
549 518 657 596 spiritu
666 517 728 578 ints
740 517 872 596 ligantis
881 520 1002 600 replebit

68 596 212 657 “illum'’
255 599 291 656 In
306 618 366 675 quo
379 603 450 658 veni
465 598 607 661 consistat
628 597 680 660 illa
702 598 835 670 libertas,
857 599 1002 680 explicatu

67 677 272 738 difficillimum
285 689 338 737 est.
380 679 459 738 Vide
474 678 674 758 objectionem
687 677 715 739 6.
729 687 791 737 tam
806 681 899 741 Num.
920 679 965 743 16.

108 760 158 816 A'n
172 759 260 818 datur
275 778 363 818 cauas
376 759 486 818 divinae
499 759 683 819 voluntatis?
737 815 739 826 ,

109 838 146 896 R.
158 839 303 918 Negatis&
313 863 321 899 ε
333 838 404 918 quia
414 841 553 900 voluntas
564 839 623 899 Dei
633 850 678 899 est
687 839 754 918 ipsa
761 835 865 899 divina
872 841 1005 912 essentia,

68 939 135 998 quae
148 938 265 978 causam
278 920 453 984 nonhabet.
496 919 602 998 ltaque
615 919 648 978 in
663 918 729 977 Deo
743 919 847 979 volitio
861 920 930 980 finis
947 939 1004 980 non

67 1012 112 1058 est
125 1019 213 1058 causa
226 1000 376 1062 volitionis
389 1001 565 1073 mediorum,
588 999 642 1061 sed
654 999 744 1061 unico
756 1010 824 1061 actu
837 1001 904 1061 vult
918 1002 1004 1060 linem

67 1091 98 1139 et
111 1079 209 1139 media
221 1081 260 1140 ad
274 1080 370 1140 finem.

110 1161 211 1219 Potest
232 1172 332 1220 tamen
354 1160 425 1231 dici,
439 1160 521 1240 qudd
534 1160 696 1220 voluntatis
709 1160 817 1219 (livium
831 1159 921 1221 detur
934 1162 1005 1237 tutio

69 1251 203 1317 exparte
217 1241 310 1311 soliti,
333 1261 386 1300 sau
403 1241 523 1321 objecti,
545 1241 587 1301 ita
600 1251 635 1299 ut
649 1241 722 1300 velit
736 1241 822 1300 Deus
841 1261 932 1301 unam
944 1262 1005 1301 rem

68 1339 132 1380 esse
151 1332 273 1399 propter
292 1321 399 1395 sliam3
423 1322 465 1382 sic
486 1323 571 1382 Deus
593 1321 661 1380 vult
680 1321 779 1379 media
798 1341 862 1380 esse
886 1333 1005 1401 propter

67 1401 168 1470 finem,
189 1401 306 1480 plantas
330 1412 452 1482 prepter
465 1401 610 1471 homines,
631 1413 689 1463 etc.
715 1401 768 1460 sed
792 1401 897 1475 volitio
918 1403 1005 1462 unius

68 1501 129 1539 non
143 1492 188 1540 est
201 1501 290 1541 cause
304 1482 456 1544 volitionis
468 1483 598 1542 alterius.

109 1563 193 1621 Deus
213 1564 313 1639 itaque
333 1566 451 1621 tantum
464 1563 531 1621 vult
548 1560 682 1620 ordinem
702 1572 736 1638 etv
753 1562 957 1621 causalitatem
976 1561 1006 1620 in

68 1642 166 1711 rebus,
182 1642 269 1701 sicuti
279 1641 421 1720 intelligit
427 1662 522 1701 unum
531 1663 594 1701 esse
601 1652 724 1737 propter
733 1642 825 1712 aliud,
839 1642 885 1701 uti
895 1643 1007 1702 dictum

70 1733 116 1781 est
131 1723 221 1780 Num.
247 1721 295 1782 5³6.
317 1723 398 1781 unde
412 1723 498 1782 sicuti
517 1723 606 1781 datur
629 1723 751 1782 scicntia
774 1724 834 1782 Dei
858 1729 1006 1802 “propter

70 1809 89 1835 “
99 1801 201 1879 quid,''
216 1802 258 1861 ita
269 1801 336 1861 vult
349 1802 433 1860 Deus
447 1803 504 1862 hoc
518 1823 581 1862 esse
601 1811 622 1838 “
631 1812 754 1882 propter
767 1802 854 1874 hoc,”
874 1804 929 1863 sed
947 1821 1008 1862 non

71 1882 154 1940 Deus
170 1889 324 1962 “propter
336 1882 419 1941 hoc”
434 1878 500 1942 vult
510 1883 576 1943 hoc.

93 2041 131 2100 N.
147 2050 196 2103 35.
219 2043 277 2103 DF.
300 2043 602 2184 CAUSALRATOEig
625 2041 793 2106 DIVINAE
813 2043 981 2104 VOLUN-

262 2282 293 2341 S.
318 2283 412 2368 Tium.
433 2292 531 2365 purast.
555 2293 600 2358 19,
621 2293 678 2342 orl.
711 2291 770 2343 let
784 2291 812 2343 8.

69 2439 93 2497 Ι.
128 2431 262 2502 Voluntas
284 2443 342 2502 Dei
365 2452 406 2501 eat
419 2463 504 2502 causo
518 2465 619 2502 rerum.
661 2444 703 2503 ΙΙ.
724 2443 902 2511 Quibusdam
916 2444 1005 2502 solitis

170 2598 172 2608 .
295 2523 484 2583 scaturientem
498 2523 623 2605 imponit,
642 2523 708 2582 aliis
721 2545 784 2583 nou.

108 2682 169 2759 AN
185 2682 323 2742 voluntas
338 2684 397 2743 Dei
412 2693 457 2743 est
470 2688 693 2744 causatorum?
810 2731 813 2736 .

111 2761 134 2818 l.
159 2761 193 2819 R.
215 2763 408 2835 Affirmative,
426 2763 513 2842 juxta
527 2762 607 2822 dicta
621 2766 712 2822 Num.
728 2772 776 2824 32.
797 2762 906 2843 nempd
921 2781 1011 2824 musa

69 2839 225 2919 applicans
238 2843 391 2901 scientiam
405 2855 435 2903 et
447 2845 611 2921 potentiam
624 2843 663 2902 ad
676 2855 785 2906 actum.

111 2920 163 2978 An
177 2920 317 2981 voluntas
332 2923 391 2981 Dei
405 2924 496 2982 rebus
510 2922 609 2982 volitis
621 2924 749 3002 imponit
761 2923 992 2984 necessitatem?

111 2999 154 3058 11.
178 3002 214 3060 R.
236 3002 422 3075 Quibusdam
437 3003 573 3081 imponit,
587 3003 648 3063 illis
661 3005 782 3074 scilicet,
804 3004 914 3082 quibus
927 3015 1012 3081 apta-

71 3083 114 3141 vit
135 3099 236 3140 causas
249 3083 428 3142 nccessarias
441 3093 472 3143 et
485 3084 710 3157 indefectibiles,
736 3105 797 3164 quo
818 3083 910 3141 modo
931 3084 940 3141 i
965 3084 1013 3142 nis

69 3161 214 3222 calefacit.
255 3163 444 3236 Quibusdam
457 3183 518 3222 non
531 3163 659 3243 imponit
670 3165 883 3234 necessitatem,
898 3103 1013 3241 quilms

70 3241 212 3301 nimirum
227 3262 329 3302 causus
343 3246 549 3323 contingentes
562 3255 592 3305 et
601 3246 709 3306 liberas
722 3245 859 3324 prostitit
867 3268 877 3316 ;
898 3243 941 3302 ito
958 3263 1014 3303 vo-

71 3323 171 3380 luntas
183 3321 314 3382 humana
327 3324 418 3384 libere
430 3335 577 3404 operatur.
621 3327 668 3385 lta
682 3327 711 3386 S.
728 3326 835 3385 Thom.
857 3334 913 3382 art.
929 3332 957 3384 8.

113 3402 184 3481 Obj.
201 3403 225 3461 l.
242 3405 349 3463 Fatum
361 3405 558 3464 Ethnicorum
568 3405 647 3465 tollit
655 3407 822 3466 libertatem
832 3405 1014 3477 humanam,-

72 3502 145 3560 esgo
157 3494 189 3542 et
198 3484 337 3544 voluntas
350 3486 419 3554 Dei,
434 3504 500 3563 quse
513 3487 608 3564 magis
618 3487 720 3546 efficax
732 3498 786 3557 est,
801 3485 892 3563 quim
903 3485 1012 3547 fatum.

113 3564 148 3621 R.
166 3564 253 3641 Nego
266 3584 384 3644 conseq.
406 3566 476 3644 quia
490 3565 613 3625 Ethnici
625 3587 681 3646 per
693 3567 789 3629 fatum
810 3564 1013 3643 subjiciebant

71 3643 256 3702 voluntatem
268 3645 428 3706 humanum
446 3646 630 3730 dispositioni
649 3658 680 3706 st
702 3647 830 3707 influxui
851 3655 1012 3715 wrorum,

68 3742 139 3800 quar
149 3724 327 3786 necessitate
339 3726 470 3789 naturali
493 3737 616 3787 mount
639 3726 780 3798 ellectum
805 3725 857 3785 sed
870 3725 1013 3784 voluntas
