2152 4066
425 102 473 149 un
494 101 667 149 succuris.
949 88 1015 156 d'lll

58 259 269 329 contemptus,
291 250 316 309 si
330 254 432 309 contra
445 250 543 328 legem
556 261 663 329 agatur
686 270 723 309 ex
745 248 923 329 ignorantia,
945 273 1013 330 pas:

58 328 151 388 sione
165 341 220 389 eut
228 330 287 389 alia
300 331 473 389 tentatione.

106 408 176 469 lma
195 411 261 488 ipsa
286 410 418 469 formalis
438 409 647 482 inobedientia,
662 424 752 490 atque
765 409 840 470 adeo
853 423 1010 489 peccatum

58 507 102 549 cx
115 488 233 549 mulitia
245 501 372 568 possunt
385 510 448 549 esse
461 493 574 568 absque
584 503 758 570 contemptu
770 491 897 550 formali.

103 571 162 629 An
171 583 217 629 est
225 571 358 629 formalis
368 581 565 648 contemptus.
575 572 599 630 si
610 573 676 648 quis
686 573 783 648 legem
794 591 854 630 non
862 573 1012 644 observat,

58 647 137 727 quia
151 671 200 710 res
212 662 363 730 praecepta
375 650 451 709 levis
465 656 527 711 est?

103 728 146 790 It.
160 733 239 808 Neg.
252 731 342 790 modo
355 751 416 789 non
436 743 552 791 recuset
565 731 672 810 subjici
691 732 770 810 legi;
786 732 855 811 quia
869 741 942 793 tuuc
955 735 1012 793 erit

58 810 184 868 tantum
199 821 388 890 contemptus
410 811 464 882 rei,
489 833 556 890 quae
580 823 731 891 precepta
753 824 807 884 est,
828 831 889 869 non
915 814 1009 891 ipsius

58 889 145 966 legis
158 901 211 949 aut
224 891 410 968 legislatoris.

102 971 162 1029 Au
175 981 222 1029 est
234 981 423 1049 contemptus
436 970 576 1043 formalis,
601 974 626 1032 si
650 973 784 1051 superior
804 983 1010 1030 contemnatur

58 1058 96 1107 ut
110 1068 243 1126 persona
255 1052 452 1129 particularis,
467 1052 538 1130 quia
561 1073 588 1111 v.
612 1074 644 1131 g.
668 1053 835 1131 imperitus,
849 1052 1009 1113 iracundus

58 1140 117 1188 aut
132 1130 219 1190 aliter
233 1131 422 1191 defectuosus
436 1137 500 1192 est?

104 1208 145 1271 R.
159 1213 237 1289 Neg.
252 1212 323 1291 quia
335 1214 453 1271 eatenis
466 1232 527 1271 non
537 1213 735 1274 contemnitur
751 1223 784 1271 ut
804 1212 944 1289 Superior
958 1227 1010 1274 aut

58 1286 243 1366 Legislator.
286 1294 411 1352 Interim
432 1312 509 1370 soepe
531 1295 608 1352 itali
618 1305 790 1369 contemptu
804 1293 842 1351 ud
855 1294 1010 1353 formalem

58 1381 273 1449 contemptum
299 1375 463 1446 transitum
492 1375 571 1451 quia,
601 1375 673 1433 dum
705 1393 832 1453 persona
865 1374 1008 1452 duplicet,

58 1448 155 1510 facile
170 1451 328 1529 displicent
341 1473 443 1512 omnes
452 1455 515 1533 ejus
527 1455 657 1514 actiones
667 1479 677 1527 3
688 1456 767 1513 etita
777 1465 1009 1533 sapepraecepta

58 1528 93 1587 in
110 1543 317 1610 contemptum
329 1534 529 1613 praecipientis
543 1536 701 1594 violantur.

61 1691 103 1749 N.
126 1691 192 1759 167.
228 1693 285 1751 DE
301 1693 415 1764 FINE,
426 1695 700 1755 INTENTIONE
716 1693 771 1753 ET
784 1693 1009 1765 PERICULO,

82 1772 323 1845 QUATENUS
335 1777 358 1833 F
361 1775 526 1835 ACIUNT
536 1774 682 1835 DEVEN
688 1775 1005 1835 IALIMORTALE.

63 1930 90 1989 I.
110 1931 274 2009 Veniulestt
295 1933 410 1994 mortale
430 1944 547 2014 propter
560 1934 661 2014 finem.
704 1937 746 1997 ll.
774 1935 896 1993 Ratione
909 1934 1007 1993 intenti

383 2033 432 2073 seu
441 2015 517 2094 finis
535 2016 687 2094 operantia.

104 2170 390 2244 QUANDONAM
405 2176 518 2235 ratione
532 2174 607 2243 finis,
628 2175 742 2234 veniale
756 2175 788 2233 fit
801 2175 946 2234 mortale?

108 2252 134 2311 l.
151 2253 184 2309 R.
208 2255 289 2312 Dum
304 2275 429 2334 peccans
453 2256 608 2314 venialiter
630 2256 783 2314 coustituit
807 2255 895 2313 finem
919 2273 1006 2313 suum

66 2330 205 2390 ultimum
221 2336 251 2392 in
266 2335 321 2394 isto
337 2337 444 2394 veniali
454 2347 577 2414 peccato
585 2358 595 2406 ;
610 2336 692 2413 quod
704 2336 823 2395 duobus
837 2335 932 2392 modis
943 2335 1006 2392 fieri

65 2422 174 2488 potest,
189 2425 221 2472 ut
245 2415 357 2475 dictum
372 2427 417 2475 est
432 2419 524 2476 Num.
540 2425 567 2477 5.
586 2416 765 2493 Exemplum
779 2427 841 2475 est:
862 2416 886 2472 si
900 2415 1007 2492 aliquis

67 2491 202 2551 inutilem
217 2494 315 2553 lusum
330 2496 496 2556 chartarum
512 2497 581 2574 plus
594 2508 681 2566 amet,
696 2498 785 2573 quim
799 2495 888 2552 homo
908 2494 1007 2572 justus

68 2583 146 2631 amet
158 2585 211 2633 aut
224 2596 321 2635 amare
336 2577 442 2636 debeat
467 2578 584 2648 Deum,·
613 2576 661 2634 vel
682 2577 710 2634 si
734 2576 834 2634 lusum
858 2575 945 2633 istum
967 2576 1008 2633 ita

69 2663 154 2724 amet,
169 2665 203 2712 ut
218 2656 289 2715 velit
310 2668 468 2735 propterea
490 2658 613 2716 Sacrum
634 2657 770 2715 omittere
792 2656 840 2714 die
855 2656 953 2726 Festo,
969 2675 1007 2714 ne

69 2746 191 2809 cogatur
201 2735 300 2794 lusum
314 2738 457 2796 deserere.
748 2774 751 2779 .

107 2811 150 2870 ΙΙ.
157 2815 227 2874 Alio
238 2817 359 2896 insuper
368 2819 456 2876 modo
465 2829 621 2896 peccatum
632 2818 747 2876 veniale
757 2827 853 2896 potest
862 2815 1007 2873 fierimor-

68 2891 123 2950 tale
138 2897 251 2961 ratione
277 2904 295 2931 “
308 2899 375 2956 finis
398 2898 574 2976 operantis,'’
598 2899 649 2975 qui
663 2898 770 2956 modus
789 2897 964 2976 exprimitur
975 2897 1006 2954 iu

67 2974 201 3034 versibus
215 2998 305 3054 supra
314 2979 451 3038 adductis
458 2998 512 3055 per
527 2986 547 3011 “
557 2979 703 3036 intentum
713 2982 729 3002 ’'
744 2998 795 3037 seu
804 2978 1007 3047 intentionem‚·

65 3053 179 3115 scilicet
188 3057 258 3116 dum
272 3060 386 3118 veniale
396 3070 551 3136 peccatum
560 3059 688 3117 refertur
698 3058 736 3116 ad
747 3059 833 3117 linem
845 3055 1008 3115 mortaliter

62 3136 187 3206 malum,
203 3151 236 3196 ut
244 3139 268 3197 si
283 3141 350 3216 quis
361 3140 492 3217 proferat
506 3140 595 3197 verba
605 3139 705 3216 jocosa
719 3159 756 3197 ex
768 3138 933 3197 intentione
946 3136 1006 3192 for·

60 3211 194 3279 nicandi.
238 3220 297 3277 Hic
313 3221 418 3277 modus
433 3231 546 3296 spectat
559 3218 597 3276 ad
612 3218 860 3277 circumstantiam
877 3224 895 3250 “
907 3217 986 3273 cur.''

103 3297 265 3370 Quomodo
277 3311 360 3358 actus
384 3300 467 3358 dese
487 3300 583 3358 bonus
597 3299 643 3358 vel
659 3298 830 3357 indifferens
842 3297 953 3356 relatus
967 3294 1005 3352 ad

60 3375 152 3434 linem
165 3378 286 3448 malum,
301 3379 352 3438 fiat
365 3380 471 3450 malus,
486 3379 597 3438 dictum
613 3390 657 3437 est
672 3382 763 3437 Num.
779 3385 826 3436 83.
864 3418 874 3431 .

90 3456 302 3597 lQuandonam
318 3461 431 3519 ratione
442 3460 568 3537 periculi
588 3470 741 3538 peccatum
755 3457 868 3516 veniale
879 3457 913 3514 fit
926 3474 1005 3511 mor-

59 3550 91 3597 ta
104 3543 145 3597 e?

105 3619 142 3679 R.
158 3620 287 3691 Quando
301 3621 368 3698 quis
382 3620 537 3679 venialiter
548 3618 700 3697 peccando
714 3639 776 3677 sese
791 3608 913 3693 exponit
926 3615 1005 3691 peri·

58 3697 131 3757 culo
142 3700 280 3774 proximo
294 3702 342 3760 vel
354 3701 523 3779 propinquo
537 3699 679 3778 peccandi
692 3699 872 3758 mortaliter:
888 3716 956 3753 nam
972 3707 1006 3752 ut

58 3775 96 3833 u't
108 3776 338 3840 Ecclesiasticus
361 3803 426 3862 cap.
443 3791 471 3843 3.
487 3804 514 3843 v.
538 3791 589 3852 27.
631 3790 650 3818 “
663 3781 729 3857 Qui
743 3791 825 3841 altrat
836 3776 1022 3858 perieulum,
