2160 4072
136 96 201 164 170
422 57 424 61 <
503 115 713 167 reserares.
794 162 797 167 ,
904 27 934 139 ι

131 308 134 313 -
177 264 231 322 lV.
247 263 297 325 Sic
311 261 507 341 expendenda
527 280 592 321 esee
604 262 777 323 obscuriora
789 261 927 339 quendam
949 260 1050 323 deut

137 344 301 420 Augustini
319 353 403 421 patet
415 363 452 401 ex
472 343 539 402 aliis
552 342 618 421 ejus
636 342 719 412 locis,
746 342 779 401 in
793 342 904 420 quibus
917 340 1052 407 clarissimi

136 425 305 485 libertatem
325 423 532 483 indifferentiae
542 423 647 483 asserit
659 443 723 483 esse
736 422 932 481 necessariam
954 421 1052 499 adpro

138 504 267 564 candum
286 504 465 563 formaliter:
491 503 534 562 sic
558 504 610 563 lib.
640 512 668 563 3.
696 510 717 537 “
729 504 768 561 de
783 503 896 563 Libero
911 502 1053 571 Arbitrinl'

138 606 202 664 cup.
215 593 261 644 18.
277 585 336 645 ait:
350 591 371 618 ‘⁸
385 586 455 642 Hoc
467 585 676 643 brevissimum
689 594 767 643 tene·
802 584 1003 660 Quocumque
1012 582 1053 641 ista

140 673 160 700 “
173 686 262 726 cauea
275 676 321 725 cst
334 664 508 734 voluntatis,
534 664 558 723 si
573 666 599 723 ei
614 684 673 724 non
688 674 787 742 potest
806 663 915 734 resisti,
930 664 992 722 sine

139 754 160 782 “
174 757 240 806 cato
250 745 278 805 ei
291 745 445 805 ceditur...
462 746 530 823 quis
553 745 633 805 enim
654 755 759 823 peccat
772 744 803 802 in
817 763 864 815 co,
890 743 972 823 quod
991 762 1008 801 n

140 826 262 884 “modo
286 824 384 885 caveri
407 832 528 903 potest?
552 828 696 885 Peccatur
720 835 852 889 auteme,
868 823 1017 887 covers·
1066 860 1074 891 ῃ

140 915 160 942 “
174 909 299 984 potest.’'
330 908 370 965 Et
381 906 434 965 lib.
450 906 488 965 de
501 907 619 967 duabus
632 908 788 965 animabus
807 925 873 983 cap.
901 912 947 964 11.
972 904 1020 963 “P

140 997 160 1021 “
174 999 273 1045 catum
286 998 332 1046 est
341 986 479 1047 voluntas
492 987 693 1064 consequendi
704 986 752 1045 vel
766 985 916 1045 retinendi
923 985 1001 1062 quod
1005 983 1054 1062 jus·

140 1075 160 1102 “
174 1066 240 1126 titia
253 1077 335 1126 vetat
347 1079 378 1126 et
391 1067 472 1126 unde
481 1068 610 1127 liberum
624 1080 670 1127 est
682 1066 1012 1127 abstinere...ucminem

141 1148 362 1224 “tuperatione
385 1140 571 1227 suppliciove
592 1149 719 1226 dignum
743 1146 831 1225 qui...
858 1146 892 1204 id
905 1146 993 1205 nous
1019 1143 1026 1159 ⁶

141 1229 252 1304 “quod
265 1228 363 1286 facere
376 1248 437 1287 non
447 1239 694 1306 potest,...nonne
705 1229 760 1288 ista
772 1237 894 1291 cantant
907 1227 981 1285 etin

142 1309 256 1368 “tibus
272 1309 419 1378 Pastores,
432 1309 504 1367 etin
525 1310 663 1369 Theatris
673 1311 779 1378 Poetae,
807 1316 838 1365 et
851 1307 965 1365 indocti
974 1306 1003 1364 in
1028 1304 1035 1317 '

142 1397 160 1422 “
176 1388 261 1458 culis,
282 1401 312 1449 et
327 1389 417 1448 Docti
441 1389 474 1447 in
487 1390 729 1459 Bibliothecis‚...
746 1389 821 1447 etin
846 1388 919 1447 orbe
932 1398 991 1449 terr

140 1489 236 1548 genus
247 1469 412 1529 humanum
422 1473 454 1528 ?”
485 1471 573 1531 Unde
586 1471 698 1529 ibidem
711 1473 831 1546 ritcap.
848 1477 893 1527 12.
936 1467 1007 1527 “Di

142 1559 162 1584 “
176 1549 291 1629 peccati
303 1570 388 1608 reum
409 1551 506 1608 teneri
527 1571 714 1629 quemquam,
737 1550 809 1628 quia
820 1568 881 1607 non
895 1549 977 1617 fucit,
995 1567 1013 1624 q
1040 1554 1043 1559 '

143 1634 269 1689 “iacere
279 1650 340 1687 non
352 1639 461 1706 potest,
477 1652 598 1689 summae
613 1631 777 1710 iniquitatis
787 1639 832 1689 est
846 1640 878 1687 et
889 1628 1029 1687 insanie.'’
1051 1650 1054 1657 ·

183 1713 229 1769 Ex
254 1709 343 1769 dictis
356 1709 510 1782 conclude,
538 1711 618 1791 qubd
639 1711 823 1790 impotentia,
848 1708 1074 1788 impossibilitas,³

142 1791 190 1850 vel
204 1790 362 1849 necessitas
383 1790 518 1851 absoluta
542 1792 604 1852 sive
617 1793 794 1853 antecedens
809 1792 980 1849 excusent&
999 1784 1074 1865 nor!

141 1883 172 1931 et
194 1870 312 1929 formali
334 1880 475 1948 peccat03
504 1873 574 1951 quia
594 1873 758 1933 excludunt
776 1871 946 1931 libertatem
964 1866 1074 1927 indiffer'

141 1953 254 2022 rentiae,
270 1973 337 2030 quae
349 1952 387 2010 ad
401 1951 563 2015 formaliter
576 1955 762 2032 peccandum
776 1951 898 2013 omnino
912 1962 957 2011 est
977 1966 1074 2009 neccs-

141 2055 224 2094 sarra.
617 2090 620 2095 .

182 2117 220 2174 V.
235 2114 318 2172 Hinc
341 2114 458 2174 admitti
472 2137 531 2176 non
554 2125 652 2194 potest
665 2114 766 2192 opinio
787 2113 854 2173 Van
876 2114 943 2190 Roy
966 2113 1074 2171 tomb-

142 2215 206 2273 cap.
223 2204 250 2264 1,
265 2205 366 2271 quaest.
381 2194 409 2253 6.
421 2198 474 2258 ubi
484 2199 618 2256 sufficere
627 2196 701 2255 dicit
710 2193 906 2257 libertatema
921 2190 1074 2253 coactius

143 2295 232 2352 quam
246 2284 333 2333 vocat
346 2278 541 2345 essentialem,
555 2278 594 2336 cd
617 2285 772 2355 peccatum
786 2275 921 2346 formale,
935 2271 1012 2353 quod
1028 2270 1074 2327 d

143 2376 232 2433 poena
252 2354 406 2414 anterioris
420 2360 542 2433 peccati.

145 2503 185 2560 N.
206 2508 255 2562 22.
291 2504 348 2561 DE
373 2448 1074 2645 1701,[ΙιΝΥΊΙῖΔὲΙΞΞΙΤΟΟ1)ΙΙίΕ’(ἶΊὈΕΤΙΝΠῘᾸ1

142 2729 171 2792 l„
196 2727 386 2790 l'olunlarium
412 2728 554 2789 directum.
609 2730 652 2790 11.
683 2728 876 2786 Voluntarinm
904 2706 1074 2797 indirectum}

360 2809 419 2867 ΙΙΙ.
438 2809 555 2869 Volitum
569 2810 672 2869 directi
686 2817 710 2867 el
725 2806 868 2865 indirectd.

187 2939 285 3000 HAEc
298 2938 407 2998 divisio
420 2938 496 2998 scitu
512 2937 860 3017 prorsusnecessariaest
870 2937 904 2995 in
918 2924 1074 3045 Th0⁰l⁰i⁰¹f

145 3020 257 3079 morali.
1071 3028 1074 3041 ’

183 3099 268 3174 Quid
279 3108 326 3156 est
339 3101 540 3160 voluntarium
555 3101 727 3162 directum?

187 3183 210 3239 1.
228 3182 262 3239 R.
278 3181 333 3237 Est
346 3180 433 3250 illud,
447 3181 530 3258 quod
540 3182 571 3238 in
586 3201 618 3239 se
631 3180 798 3238 intenditur
813 3179 1008 3239 ivoluntate:
1057 3174 1062 3181 '

143 3261 232 3320 modo
249 3259 415 3319 voluntaria
435 3272 504 3320 sunt
528 3262 631 3320 volitio
654 3271 685 3320 et
697 3261 812 3332 nolitio‚
835 3270 919 3319 actus
933 3257 1012 3318 chari

145 3341 214 3411 Dei,
236 3360 316 3398 mors
338 3339 450 3400 inimici
474 3354 610 3420 respectu
625 3340 716 3414 illius,
729 3340 781 3419 qui
806 3341 905 3399 animo
929 3322 1074 3417 occidend,

145 3421 256 3499 infligit
269 3421 379 3479 vulnus
393 3421 511 3480 lethale.
522 3456 525 3461 ·

183 3500 268 3574 Quid
282 3510 326 3559 est
340 3502 541 3560 voluntarium
556 3503 760 3561 indirectum?

186 3583 227 3639 ll.
246 3583 278 3639 ll.
292 3583 347 3638 Est
358 3581 445 3652 illud,
458 3583 538 3659 quod
553 3583 583 3639 in
598 3604 631 3642 se
643 3602 702 3641 non
718 3582 894 3653 intenditur,
910 3580 961 3640 sed
973 3579 1074 3639 solum

139 3660 230 3719 modd
246 3660 449 3721 voluntarium
463 3664 551 3721 estin
572 3663 639 3728 alio,
663 3665 695 3721 in
710 3684 771 3742 quo
784 3663 963 3732 continetur,
984 3656 1028 3719 vel
1043 3656 1074 3711 d

129 3761 194 3820 quo
208 3762 262 3822 seq
267 3742 359 3817 uitur,
386 3744 536 3825 vel-quod
549 3743 655 3804 morali
663 3744 860 3802 ustimct'mue
872 3762 912 3798 eu
930 3729 1074 3798 certiscii

60 3832 71 3843 “
117 3826 320 3889 constantiis
341 3827 492 3890 voluntas
523 3836 668 3889 censetur
703 3822 810 3883 uellet
842 3826 1004 3896 propterte
1028 3808 1074 3867 *ab
