2152 4066
109 99 175 165 314
489 114 688 160 renouaret

120 285 173 325 seu
187 263 303 343 objecto
316 260 406 330 malo,
434 260 591 320 delectatio
611 261 650 320 de
663 260 725 322 sola
738 238 922 339 cogitatione
936 235 1054 341 vel'coga
1070 281 1076 351 ιΙ

120 345 234 404 nitione
248 344 345 420 operis
354 341 435 412 mali,
450 341 608 401 delectatio
617 341 654 400 de
668 341 730 402 eolo
744 341 843 412 modo,
858 361 894 401 ac
909 338 1054 403 delectato

119 427 158 486 de
172 423 235 484 eolo
247 423 354 483 effectu
368 443 405 480 ex
416 442 506 501 opere
520 433 631 481 secuto.

122 587 161 644 N.
178 592 244 644 121.
267 584 324 643 DE
348 582 688 642 DELECTATIONE
710 583 837 642 CIRCA
854 581 968 641 OPUS
982 576 1076 648 All-1

163 665 350 739 QUANDO
371 662 567 730 LlclTUM,
589 663 671 721 SED
687 662 896 722 TEMPORE
912 655 1076 729 BEnec-‚l

163 744 371 805 TATIONIS
394 742 635 802 lLLICITUM.

161 907 221 966 AN
233 905 314 963 licita
328 915 373 962 est
386 901 542 961 delectatio
555 903 592 962 de
603 923 702 981 opere,
718 902 798 982 quod
808 901 868 961 fuit
882 900 934 959 vel
948 900 1005 961 erit
1016 843 1076 968 ali-'i

123 986 242 1065 quando
255 985 382 1055 licitum,
397 983 449 1042 sed
462 997 596 1062 tempore
610 982 814 1045 delectationis
828 993 873 1041 est
886 981 1045 1043 illicitum?
1075 1007 1076 1014 ¹

126 1087 129 1091 ’
163 1069 197 1126 R.
214 1066 245 1125 Si
255 1064 307 1123 illa
320 1063 477 1122 delectatio
491 1062 529 1121 sit
542 1064 581 1122 de
594 1083 684 1142 opere
699 1063 761 1123 solo
771 1063 841 1141 jure
853 1061 988 1142 positivo
1000 1080 1059 1141 pro-

120 1146 217 1205 hibito
226 1155 359 1222 tempore
374 1143 586 1213 delectationis,
601 1164 662 1202 non
676 1154 721 1203 est
731 1142 836 1202 illicita
844 1167 854 1215 ,·
880 1140 952 1201 talis
964 1142 1060 1203 estde·

121 1226 240 1285 lectatio
249 1226 297 1283 die
307 1225 416 1305 jejunii
426 1223 529 1283 habito
543 1224 581 1282 de
595 1224 710 1283 edenda
724 1243 812 1283 carne
822 1221 882 1282 alio
892 1221 955 1294 die,
966 1242 1027 1303 quo
1036 1223 1062 1283 id

122 1307 232 1365 licebit.

165 1386 197 1446 Si
222 1395 321 1445 autem
348 1407 423 1465 opus
444 1396 578 1465 tempore
598 1385 801 1445 delectationis
822 1385 861 1445 sit
905 1383 1064 1445 robibitum

120 1468 190 1546 jure
203 1480 326 1538 naturae,
341 1468 435 1546 major
448 1477 493 1524 est
506 1467 680 1526 difficultas:
706 1487 735 1524 v.
749 1487 779 1543 g.
790 1484 828 1524 an
839 1465 870 1524 vi
894 1484 955 1524 uus
967 1463 1015 1524 vel
1026 1468 1066 1525 vi-

124 1547 184 1606 dua
204 1546 297 1626 possit
324 1547 464 1606 delectari
487 1546 526 1605 de
549 1547 655 1625 copula
675 1546 887 1606 matrimoniali
909 1544 1061 1626 praeterita,

123 1648 248 1706 sponsus
257 1627 303 1685 vel
316 1647 423 1706 sponsa
432 1627 470 1686 de
484 1628 591 1706 copula
601 1626 809 1686 matrimoniali
823 1625 952 1687 futura?

162 1709 198 1766 R.
213 1709 245 1766 Si
269 1708 378 1766 viduus
398 1719 451 1766 aut
473 1708 564 1767 vidua
587 1709 697 1786 cogitet
720 1706 759 1765 de
780 1705 892 1784 copula
906 1704 1075 1785 praeterita„

122 1808 247 1865 sponsus
261 1788 310 1846 vel
320 1808 427 1865 sponsa
440 1787 478 1846 de
491 1788 601 1859 futura,
628 1788 710 1846 illam
723 1798 759 1846 ut
780 1798 962 1866 presentem
975 1788 1076 1847 cond..

120 1869 245 1946 pientes,
260 1868 291 1925 in
306 1889 409 1946 eaque,
431 1880 467 1927 ut
478 1868 628 1947 praesenti,
651 1887 714 1929 sese
724 1868 919 1938 oblectantes,
948 1880 1052 1945 penem

121 1948 303 2021 mortaliter;
319 1951 389 2026 quia
399 1948 507 2028 copula
519 1969 574 2026 pro
587 1948 728 2026 presenti
738 1958 783 2007 est
795 1948 869 2027 ipsis
883 1948 942 2007 sub
955 1948 1050 2009 morat

121 2028 279 2104 prohibita.
304 2029 389 2087 Idem
401 2041 454 2100 est,
476 2032 501 2088 si
514 2029 671 2088 delectatio
685 2028 723 2086 de
737 2029 844 2107 copula
854 2028 1007 2107 preterita
1018 2022 1062 2107 nl!

122 2108 226 2166 futura
240 2110 276 2168 sit
290 2130 416 2168 venerea
440 2130 491 2168 seu
506 2109 581 2180 talis,
597 2122 631 2168 ut
652 2129 780 2168 annexas
792 2110 902 2168 habeat
915 2109 1064 2195 commoti}

123 2208 193 2246 ones
208 2190 358 2261 carnales3
378 2191 447 2267 quia
461 2191 520 2249 illae
534 2191 744 2251 commotiones
764 2210 826 2248 non
838 2199 969 2269 possunt
982 2208 1048 2248 excu-

122 2269 188 2340 sari,
203 2270 261 2328 nisi
282 2271 395 2329 ratione
420 2270 501 2330 actis
522 2270 754 2340 matrimonialis,
782 2271 835 2349 qui
853 2292 911 2350 pro
930 2272 1049 2349 presenti

121 2369 181 2407 non
195 2362 239 2408 est
252 2351 351 2409 licitus
365 2351 463 2409 viduis
477 2362 530 2409 aut
543 2351 667 2430 sponsis.

160 2431 252 2503 Qudd
265 2430 289 2491 si
300 2430 391 2488 solum
407 2432 591 2490 delectentur
605 2429 689 2489 vidui
703 2431 742 2491 de
755 2441 823 2490 actu
834 2429 1051 2511 conjugaliprae·

120 2510 218 2580 terito,
243 2512 451 2589 approbantes,
480 2510 560 2591 qudd
588 2533 657 2570 eum
685 2511 765 2573 licite
793 2512 993 2582 exercuerint,
1014 2523 1053 2571 aut

122 2590 221 2666 sponsi
242 2591 334 2649 solnm
362 2592 546 2651 delectentur
571 2593 608 2651 de
632 2604 700 2651 actu
725 2594 835 2661 futuro,
858 2594 1076 2674 approbantes„

121 2671 203 2748 qudd
217 2691 283 2729 eum
295 2672 375 2730 licite
391 2673 450 2731 sint
464 2672 632 2742 exercituri,
655 2675 768 2750 absque
783 2693 826 2743 eo,
843 2673 928 2751 qudd
939 2672 977 2731 de
987 2692 1019 2731 eo
1029 2683 1054 2731 ut
1072 2675 1073 2680 ’

119 2753 258 2827 praesenti
273 2751 468 2824 delectentur,
479 2765 509 2813 et
523 2755 611 2812 etiam
626 2755 738 2831 absque
752 2773 796 2823 eo,
822 2752 905 2831 quod
921 2755 955 2811 in
969 2772 999 2810 se
1014 2752 1054 2811 ad·

119 2831 239 2890 mittant
251 2831 382 2893 carnales
392 2834 612 2904 commotiones,
624 2835 671 2892 vel
685 2853 746 2892 non
754 2843 888 2912 peccant,
900 2833 954 2892 vel
966 2832 1056 2892 saltem
1073 2850 1076 2896 Ι

120 2911 265 2973 nonnisi
280 2912 453 2986 venialiter;
479 2916 548 2992 quia
562 2915 638 2973 nihil
652 2915 829 2994 approbant,
855 2914 914 2973 nisi
934 2912 1015 2993 quod
1034 2922 1056 2972 ct
1074 2903 1076 2975 Ξ

121 2990 264 3068 quatends
277 2993 334 3051 fuit
348 3004 400 3051 aut
413 2996 524 3055 eriteis
543 2996 668 3054 licitum.
710 2994 757 3053 Ita
771 2995 905 3073 Sylvius.
1075 2995 1076 3004 ’

161 3073 276 3130 Eodem
291 3073 380 3132 modo
395 3075 497 3134 saltem
513 3076 623 3154 ignavi
637 3076 771 3134 excusari
784 3086 922 3154 possunt,
950 3074 1058 3134 sividui

120 3152 157 3211 de
168 3167 236 3211 ectu
251 3154 402 3232 conjugali
416 3157 576 3234 preterito,
602 3157 702 3233 sponsi
716 3156 754 3215 de
768 3156 871 3214 futuro
881 3155 1058 3215 delectentur

118 3245 241 3310 propter
250 3233 374 3310 aliquod
383 3236 570 3294 commodum
584 3236 654 3294 inde
667 3247 802 3295 secutum
816 3246 869 3295 aut
882 3245 1057 3307 secuturum,

119 3332 148 3369 v.
171 3334 200 3390 g.
214 3325 338 3392 propter
358 3316 572 3387 hereditatem,
593 3316 681 3376 modb
705 3328 805 3376 tamen
827 3337 890 3375 non
904 3316 1059 3377 afficiantur

120 3415 192 3470 erga
206 3395 344 3472 copulam
357 3409 392 3455 ut
409 3409 598 3475 praesentem,
610 3418 666 3456 nec
680 3397 838 3457 delectatio
852 3398 892 3457 sit
906 3396 1058 3458 secundun

122 3494 251 3531 carnem.

162 3557 303 3613 Attamen
324 3568 429 3616 notant
449 3558 609 3629 Authores,
636 3559 748 3618 similes
769 3559 977 3637 cogitationes,
998 3558 1059 3616 dun

113 3635 264 3704 incidunt,
280 3657 342 3695 non
360 3658 423 3697 esse
437 3639 592 3708 fovendas,
616 3640 670 3697 sed
689 3660 761 3698 mox
775 3639 977 3717 repellendae,
1000 3636 1059 3717 quit

2 3730 11 3758 ⁸
108 3718 161 3776 vix
176 3720 245 3780 sine
259 3720 468 3785 delectatione
477 3741 611 3782 venerea
623 3720 794 3778 continuari
800 3728 943 3792 possunt„
1070 3688 1076 3758 i

140 3805 195 3862 An
219 3826 358 3885 persona
384 3807 560 3889 conjugata
584 3812 698 3883 peccat
716 3794 898 3854 delectanda
919 3796 1068 3880 senesce

82 3887 210 3969 copula
229 3890 284 3952 vel
300 3893 449 3958 tactibus
462 3910 541 3952 cum
555 3874 848 3962 compartebabit‘xs
859 3866 1068 3928 catumeum
