2152 4066
414 124 459 168 ua
475 122 649 170 raccarrs.
936 105 1003 175 tte

58 266 104 342 [ui
115 274 244 361 peecata
254 274 412 348 parentum
425 267 588 339 imitantur,
603 279 633 328 et
646 269 687 328 ita
700 269 739 327 ob
752 267 872 346 propria
881 280 1001 346 peccata

58 349 234 407 moiuntur.

74 428 202 519 Quare
214 426 348 499 observa,
367 429 447 507 quod
458 428 540 488 Deus
555 429 647 489 soleat
658 429 752 506 magis
776 427 931 486 visibiliter
944 450 1001 508 pu-

58 502 255 587 nirepeccata
276 519 472 586 posterorum,
500 508 594 567 dum'
585 528 617 566 rn
637 518 853 568 antecessorum
874 512 1004 601 peccatis

58 599 207 665 pergunt.
222 590 306 647 Deus
320 590 398 646 enim
412 608 472 645 non
487 589 561 648 solet
575 591 673 648 statim
686 600 807 667 peccata
820 587 936 665 punire,
949 592 1001 649 sed

58 680 225 744 expectare,
237 667 332 726 donec
345 687 513 727 mensuram
527 681 714 746 peccatorum
730 679 759 728 et
782 678 899 745 tempus
912 671 1000 746 puni-

58 748 166 806 endi
154 772 170 807 a
195 751 263 809 Deo
284 757 425 806 statutum
452 749 650 826 impleverint,
675 748 762 827 juxta
786 748 864 806 dicta
891 750 1001 809 Christi

58 824 169 888 nauh.
183 849 248 907 cap.
264 836 312 888 23.
325 848 353 885 v.
368 836 416 889 33.
459 829 621 907 Implete
629 848 796 888 mensuram
805 839 924 905 patrum
934 850 1001 889 ves
1067 846 1072 864 ·

62 913 196 981 urum?
217 908 339 987 impleti
354 918 453 966 autem
476 912 623 979 mensuri,
647 909 736 986 punit
757 910 841 967 Deus
866 921 999 985 posteros

64 988 188 1065 parius,
202 1008 262 1048 non
274 988 394 1066 quidem
409 988 499 1065 quem
512 1000 689 1058 mereantur,
701 989 753 1047 sed
767 989 855 1066 quam
866 989 999 1064 punivis-

64 1068 109 1138 tlt,
124 1069 150 1127 si
164 1069 222 1147 ipsi
237 1069 291 1128 soli
301 1080 480 1145 peccassent.
503 1070 550 1128 Ita
562 1090 655 1148 regna
664 1079 694 1128 et
707 1069 825 1127 familiae
845 1089 923 1146 saepe
939 1089 1000 1128 non

65 1148 226 1225 puniuntur
234 1161 265 1208 et
275 1150 517 1219 exterminantur,
537 1149 595 1208 nisi
608 1151 647 1208 ob
657 1160 777 1228 peccata
785 1148 862 1207 diui
876 1150 1001 1226 posteris

64 1228 262 1306 multiplicata.

93 1309 225 1382 Quod
202 1330 227 1368 si
241 1309 294 1367 filii
302 1329 361 1371 non
374 1320 581 1388 peccaverunt,
605 1320 670 1368 tum
681 1309 759 1367 mala
773 1329 837 1386 quae
847 1309 1001 1387 patiuntur

59 1388 88 1445 ob
102 1400 232 1466 peccata
243 1400 411 1468 pareutum,
439 1409 500 1447 non
514 1400 582 1448 sunt
595 1410 692 1468 poenae
705 1389 824 1486 proprie
839 1390 925 1448 dicta
939 1410 1000 1448 res-

58 1479 144 1543 pectu
159 1471 303 1548 ipsorum,
332 1470 383 1527 sed
396 1471 508 1528 tantum
522 1471 728 1547 poenalitutes:
743 1467 845 1527 verum
863 1482 999 1548 respectu

58 1560 225 1622 tarentum,
252 1558 320 1608 sunt
342 1570 438 1627 poenae
452 1551 570 1642 proprie
586 1550 691 1619 dictoe3
719 1549 760 1607 ita
773 1559 808 1608 ut
821 1549 895 1606 illi'
887 1570 918 1607 m
933 1550 1000 1608 filiis

58 1646 198 1706 anquam
213 1631 244 1688 in
257 1649 299 1699 re,
315 1651 381 1708 quae
396 1640 440 1688 est
452 1631 594 1707 ipsorum,
616 1629 787 1708 puniantur.
829 1632 932 1707 Atque
942 1630 1000 1689 hoc

58 1726 143 1769 ensu
154 1710 209 1768 filii
222 1710 281 1769 dici
294 1721 418 1788 possunt
430 1721 549 1788 portare
561 1730 679 1789 poenam
693 1720 860 1787 parentum.

88 1787 170 1847 Vll.
187 1791 269 1849 Hinc
284 1790 365 1867 quod
373 1800 423 1848 est
436 1811 525 1867 poena
543 1803 681 1884 respectu
703 1789 801 1860 unius,
830 1800 1002 1868 potestesse

58 1870 214 1929 ioenahtas
223 1881 365 1948 respectu
379 1870 519 1930 alterius:
541 1885 570 1930 et
584 1872 626 1930 sic
639 1891 708 1947 v..g
730 1869 1001 1947 pestilentiaque

58 1958 65 2006 t
69 1951 174 2027 ..Reg
192 1970 255 2029 cap.
270 1959 318 2010 24.
331 1969 460 2008 1mm1ssa
468 1950 578 2027 legitur
586 1951 719 2029 populo
711 1970 742 2007 in
755 1969 874 2027 poenam
888 1953 1001 2026 peccati

58 2029 187 2088 )avidis
196 2031 295 2109 potuit
307 2050 371 2088 esse
384 2030 538 2106 poenalitas
551 2042 688 2109 respectu
703 2028 834 2107 populi'
826 2030 1000 2089 mnocentis.

92 2110 196 2168 Simili
210 2111 270 2170 fere
285 2109 372 2167 modo
385 2131 438 2186 per
452 2109 533 2187 leges
544 2111 687 2169 humanas
702 2110 754 2167 lilii
769 2109 932 2185 spoliantur
948 2112 999 2168 bo·

58 2190 97 2247 iis
114 2200 146 2247 et
160 2191 312 2250 favoribus
322 2192 360 2248 ob
375 2191 482 2249 delicta
490 2202 656 2268 parentum,
668 2210 695 2247 v.
689 2211 735 2267 ..g
748 2190 787 2248 ob
801 2189 911 2249 crimen
926 2190 1000 2249 laesae

58 2269 231 2347 Majestatis.

94 2351 209 2410 Nullus
223 2363 320 2409 tamen
335 2371 388 2430 per
409 2351 491 2428 leges
504 2351 647 2410 humanas
662 2353 700 2410 ob
713 2360 834 2428 peccata
843 2361 999 2427 parentum

58 2429 101 2487 uel
119 2431 565 2509 cujuscumquealteriusoccidi
579 2442 699 2509 potest3
693 2431 785 2489 ·hinc
797 2432 919 2488 Deuter.
935 2450 998 2508 cap.

58 2517 93 2568 24
120 2531 148 2568 v.
167 2512 212 2571 16.
235 2512 401 2570 diciturz‘
403 2514 494 2570 N‘on
520 2513 693 2571 occidentur
713 2522 812 2588 patres
838 2531 893 2587 pro
919 2510 997 2581 liliis,

58 2598 146 2649 “nec
162 2593 214 2649 filii
228 2613 283 2669 pro
293 2593 438 2669 patribus,
463 2593 514 2650 sed
526 2593 730 2670 unusquisque
741 2611 795 2668 pro
808 2602 911 2667 peccat
913 2611 931 2646 o
944 2610 997 2648 suo

58 2677 74 2703 ¹⁴
88 2671 260 2731 morietur.’'
282 2672 409 2747 Proinde
420 2672 492 2745 dum
503 2673 630 2750 legimus
642 2675 671 2730 in
683 2672 784 2729 Veteri
796 2672 995 2738 TestamentO,

58 2760 89 2808 ut
102 2753 166 2810 Jos
181 2752 283 2830 cap..6
303 2762 328 2810 1.
345 2754 417 2830 Reg.
430 2772 493 2829 cap.
510 2761 554 2811 15.
570 2763 600 2810 et
613 2753 694 2820 alibi,
720 2752 851 2810 civitates
866 2752 995 2825 integras
1053 2829 1056 2832 ἱ

58 2831 91 2888 ab
108 2831 249 2891 Israelitis
263 2853 388 2902 eversas,
398 2833 501 2891 occisis
511 2833 598 2891 etiam
608 2831 772 2892 1nfant1bus
781 2832 997 2900 innocentibus

58 2909 86 3047 id
110 2913 179 2970 Deo
193 2913 328 2973 Authore
349 2914 417 2971 vitae
441 2923 470 2971 et
492 2914 571 2971 necis
586 2914 720 2992 jubente,
748 2912 860 2970 factum
885 2913 996 2969 censeri

75 2991 153 3050 ebet.

93 3071 185 3130 VIII.
203 3074 292 3132 Poena
306 3074 498 3132 satisfactorra
507 3073 627 3150 resp1ert
640 3072 761 3151 quidem
770 3081 934 3149 peccatum,
944 3071 996 3128 sed

58 3169 113 3209 uun
128 3171 245 3231 semper
257 3155 412 3232 proprium
422 3154 512 3225 illius,
528 3154 579 3230 qui
591 3174 707 3231 poenam
718 3153 794 3221 luit;
805 3152 846 3209 ita
861 3151 994 3209 Christus

58 3234 215 3303 Dominus,
230 3235 283 3327 qui
305 3253 427 3327 peccare
441 3253 501 3291 non
523 3245 648 3311 poterat,
671 3253 727 3310 pro
746 3232 995 3309 peccatisnostris
1023 3262 1026 3267 ν

58 3313 218 3385 tatisfecit3
212 3315 271 3372 ·ita
285 3316 373 3372 etiam
386 3315 463 3371 inter
478 3315 579 3372 fideles
592 3333 669 3372 unus
682 3334 737 3390 pro
748 3313 805 3370 alio
829 3310 993 3368 satisfacere

58 3404 151 3472 potest
164 3395 299 3453 ratione‘
303 3393 543 3452 Communroms
553 3396 755 3453 Sanctorum

94 3476 151 3533 IX.
169 3476 259 3533 Poena
269 3474 452 3534 medicinalis
466 3494 526 3533 non
539 3473 659 3551 respicit
673 3472 789 3550 culpam
800 3471 992 3538 commissam,

58 3554 106 3613 ted
120 3555 370 3626 committendam,
384 3554 521 3632 adquam
535 3553 766 3632 praecavendam,
777 3563 919 3629 tanquam
932 3570 993 3607 rne-

58 3634 121 3695 rlela
134 3635 300 3695 adhibetur.
