2160 4072
72 74 136 143 loo
364 116 368 127 ·
420 92 423 97 '
449 98 648 144 rnncraroa
724 122 727 127 -

71 245 86 302 i
99 243 282 315 necessitate,
296 265 363 323 quae
373 245 493 322 proprie
504 255 550 304 eet
562 245 684 306 libertas
697 267 703 305 ε
718 245 802 306 unde
814 244 948 305 voiuntui

12 372 17 384 .
71 335 116 384 eat
128 324 225 403 magia
251 344 407 384 commune
429 336 568 405 respectu
582 325 669 384 liberi
682 327 804 406 proprie
819 326 908 398 dieti;
931 325 948 382 h

72 404 208 465 damnata
235 415 280 464 eet
301 405 481 544 proproeitio
504 406 582 465 inter
601 407 733 486 'Baianae
753 407 948 487 trigeeimano

70 492 91 518 “
101 485 193 624 (gpod
207 484 353 546 voluntari
383 486 426 556 fit,
440 486 554 547 etiamsi
563 488 726 547 necessario
736 487 796 558 fiat,
812 487 902 547 libere
913 497 948 546 ua

73 571 96 600 u
152 569 169 592 Π
292 598 296 602 Δ

235 728 273 786 Ν.
305 735 351 787 15.
373 727 432 787 DE
455 728 613 789 LIBERO
635 727 855 789 ARBITRIO.

311 887 345 950 ὁ.
373 887 470 967 Tarm.
480 880 558 966 port.
576 898 601 948 1.
622 897 717 968 quaeat.
733 896 782 949 83.

77 1044 102 1102 1.
123 1042 258 1104 Laetum
271 1044 428 1104 arbitrium.
462 1013 514 1108 ἸΙ.
529 1006 531 1010 Α
545 1045 690 1105 Undenom
703 1048 814 1106 oriatur
825 1045 886 1104 eada
910 1062 948 1103 ere

103 1122 222 1200 judieii.
245 1123 364 1184 111.Ad
375 1123 528 1184 libertatem
542 1125 695 1205 requiritur
708 1124 902 1205 indifferentia
915 1143 948 1180 ao⁴

97 1226 100 1231 ·
113 1203 166 1260 lV.
181 1204 253 1263 item
266 1204 492 1264 indeterminatio
504 1203 645 1264 nataralia
658 1225 712 1262 non
725 1205 857 1264 actualia.

116 1365 227 1440 QUID
248 1375 293 1424 eat
305 1365 433 1424 liberum
455 1366 636 1426 arbitrium?
654 1405 655 1408 =

117 1446 143 1506 1.
160 1447 194 1505 R:
218 1447 273 1505 Est
286 1445 421 1523 potentia
434 1447 604 1514 voluntatis,
633 1466 700 1523 quae
724 1464 816 1524 agere
827 1455 925 1522 potest
946 1472 948 1494 ι

75 1521 273 1586 indifferentit
286 1525 399 1596 'adicit
423 1527 487 1586 aive
497 1538 541 1585 eat
554 1526 687 1605 potentia
703 1547 755 1585 seu
769 1524 896 1584 facultas
909 1544 948 1601 ag*

78 1617 108 1666 et
120 1626 183 1666 non
236 1625 253 1664 e
297 1605 315 1664 '.

47 1680 50 1686 ¹
118 1625 236 1746 Nomii
245 1685 332 1744 liberi
343 1685 456 1746 arbitrii
470 1707 526 1746 usu
536 1687 685 1746 communi
696 1687 844 1766 signifieat
853 1696 948 1764 potent

77 1767 212 1835 activam,
227 1785 288 1823 non
301 1765 400 1844 ipsum
413 1777 513 1826 actum
527 1779 579 1826 aut
591 1767 737 1826 habitum.

119 1845 276 1908 Undenam
291 1847 389 1906 oritur
409 1847 462 1906 illa
482 1846 681 1906 indifferentia
690 1846 796 1926 judieii
818 1867 869 1906 seu
885 1856 948 1926 potr

78 1925 187 2006 agendi
201 1937 231 1985 et
244 1945 304 1984 non
318 1927 450 2006 agendi?

119 2008 161 2066 ΙΙ.
178 2009 214 2067 R.
229 2008 467 2082 Praenotandum,
496 2009 578 2088 quod
598 2009 630 2067 in
645 2010 725 2068 omni
738 2018 806 2067 actu
820 2007 948 2066 humano

77 2088 212 2148 tellectun
236 2088 344 2148 debeat
360 2091 510 2168 objectum
533 2089 678 2148 voluntati
691 2107 877 2168 proponere:
902 2089 948 2144 “i

79 2175 100 2203 ‘¹
113 2169 191 2226 enim
206 2180 250 2228 est
264 2169 398 2240 volitum,
419 2172 477 2229 nisi
501 2160 655 2248 cognitum
665 2173 695 2230 :'’
717 2172 763 2229 Ex
778 2168 897 2227 diverso
921 2187 948 2224 at

77 2249 263 2326 proponendi
277 2250 375 2320 modo,
404 2250 522 2309 diversa
535 2251 629 2309 oritur
644 2248 805 2309 voluntatis
819 2248 851 2306 in
866 2247 948 2325 objeu

79 2327 241 2399 tendentia,
251 2328 345 2388 libera
360 2330 472 2390 scilicet
486 2330 535 2388 vel
547 2331 719 2389 necessaria

121 2409 153 2469 si
166 2409 267 2488 itaque
280 2408 447 2469 intellectus
471 2410 673 2489 apprehendat
696 2410 857 2488 objectum,
872 2406 948 2487 qaod

82 2490 191 2549 luntati
203 2491 353 2568 proponit,
380 2502 521 2568 tanquam
534 2493 647 2549 bonum
661 2491 811 2548 infinitum
825 2509 879 2548 neu
903 2487 948 2547 uni

82 2570 151 2641 mle,
171 2589 232 2630 non
242 2569 369 2629 habetur
377 2570 573 2630 indifferentia
583 2571 701 2649 judicii,
712 2590 764 2628 seu
774 2569 948 2647 potentiaag

83 2661 113 2709 et
126 2670 186 2709 non
200 2651 318 2729 agendi,
334 2651 386 2711 sed
400 2651 623 2712 voluntaeillud
643 2648 806 2710 necessarii>
820 2669 948 2728 prooequ

83 2730 114 2788 Si
127 2733 199 2789 vero
210 2731 379 2791 intellectus
391 2732 595 2811 apprehendat
607 2731 767 2810 objectum,
779 2729 864 2808 quod
877 2730 948 2788 volu

83 2811 231 2888 proponit,
252 2822 394 2889 tanquam
408 2814 518 2871 bonam
543 2811 660 2871 finitum
674 2831 727 2870 seu
740 2809 930 2888 particulare,

80 2892 112 2948 in
126 2910 162 2953 eo
175 2890 358 2952 considerare
372 2904 470 2972 potest
488 2891 630 2951 rationem
646 2892 716 2950 boni
726 2903 756 2950 et
769 2889 922 2950 defectum
942 2890 948 2948 1

82 2970 134 3048 qui
148 2969 240 3029 habet
260 2973 404 3033 rationem
427 2972 514 3032 mali:
539 2992 576 3031 ex
591 2992 654 3050 quo
664 2972 759 3030 oritur
779 2971 888 3051 judieii
909 2971 948 3029 im

81 3050 187 3120 rentia,
197 3050 306 3110 etinde
318 3054 350 3110 in
364 3054 516 3113 voluntate
529 3053 652 3112 resultat
664 3055 797 3130 potentia
806 3050 917 3128 agendi
925 3061 948 3109 et

83 3130 202 3210 agendi,
217 3151 268 3190 seu
282 3132 630 3212 libertaspropriiadieta:
638 3133 717 3191 itas.
731 3133 948 3207 Thom.l.2.q1

88 3220 135 3272 13.
149 3223 204 3273 art.
218 3212 247 3273 6.
262 3213 295 3270 in
317 3213 401 3292 Corp.
443 3250 447 3257 ·

123 3294 171 3352 Ex
181 3292 270 3351 dietis
279 3303 371 3371 patet,
393 3294 475 3372 quod
486 3295 615 3353 liberum
628 3293 783 3352 arbitrium
797 3300 817 3328 “
832 3291 947 3352 radicat

86 3373 227 3433 consistat
240 3373 272 3431 in
286 3384 354 3433 actu
373 3373 548 3444 intellectis,
570 3375 622 3451 qui
646 3373 797 3450 objectum
821 3392 892 3431 curn
910 3373 948 3430 im

84 3454 179 3512 rentit
196 3453 341 3512 voluntati
354 3455 494 3532 proponit
502 3477 511 3524 ;
532 3451 695 3513 formaliter
709 3457 778 3512 vero
793 3452 827 3509 in
839 3464 910 3512 actu
921 3472 948 3510 va

83 3532 161 3602 tatis,
187 3554 254 3615 quae
268 3554 305 3593 ex
328 3533 444 3613 judicio
458 3535 581 3594 rationis
602 3554 637 3593 ee
654 3533 832 3592 determinat
853 3532 893 3591 ad
907 3533 948 3590 ho

83 3612 158 3671 illud
169 3613 329 3692 agendum,
345 3616 393 3673 vel
407 3615 446 3673 ad
460 3615 516 3674 hoc
530 3614 681 3694 agendum
695 3613 743 3671 vel
752 3612 948 3671 omittendum

123 3693 185 3754 111.
192 3692 948 3775 Notaduplicemdistinguiinditierentiam,ranarum

64 3775 233 3851 pereiram,
250 3777 325 3839 dum
343 3778 488 3839 voluntas
501 3794 649 3856 suspensa
655 3783 761 3832 manet
771 3772 905 3830 anonim
917 3792 948 3830 ar
