2160 4072
44 86 139 169 'tid
450 122 654 197 morasus
740 118 752 141 ·
831 88 841 107 ‘

74 267 832 351 mnntmnmpuinwmimpuvo,
855 288 923 331 ant

114 348 122 363 '
144 348 249 411 ttiroi

74 368 162 489 1mli.
177 430 214 489 R.
229 429 267 491 1⁰.
282 431 419 493 Formale
429 433 546 512 perciti
558 452 621 493 non
744 431 922 493 comtituiir

76 509 237 587 negativo:
258 511 435 591 cujusratic
457 514 611 593 estqudd
674 515 681 528 '
726 512 921 575 hominunm

76 590 182 651 nuilus
192 603 291 653 autern
306 591 341 653 iit
352 593 450 653 malus
461 612 518 672 par
536 596 596 657 hoc
620 593 704 673 quid
723 591 796 673 ipsi·
806 590 922 672 aliquid

77 670 136 731 nisi
156 670 234 731 illud
257 672 367 733 debeat
388 673 494 733 inesse.
537 674 644 754 Itrqne
669 672 712 735 ad
733 674 851 735 minas
862 690 922 751 req¹

78 751 218 831 quaedam
230 752 374 832 privatio,
383 774 449 813 nnn
460 774 540 833 pura
551 755 682 835 negatio.

120 830 183 891 111.
195 832 237 891 2⁰.
259 833 358 895 Collet
370 845 402 894 et
414 835 466 895 alii
479 834 601 915 quidem
614 835 804 896 constituunt
817 833 922 894 formal

79 911 137 973 cati
150 922 210 971 tam
225 914 400 985 omissionis,
416 915 509 994 quim
521 915 741 977 commissionis
748 916 784 975 in
789 915 921 994 positivo

79 1002 116 1051 ut
128 992 240 1063 Gonet,
253 993 378 1055 formale
388 997 507 1074 peccati
525 997 694 1057 omissionis
712 995 921 1057 matitunnt:

80 1072 191 1142 votivo,
204 1073 421 1137 commistionis
433 1080 503 1137 vero
515 1076 550 1137 in
562 1077 703 1156 positivo.
721 1094 838 1155 sinope
856 1076 890 1135 in
901 1086 921 1135 tv

80 1151 124 1213 tia
135 1154 264 1233 positiva
272 1156 470 1237 inobjectum
479 1156 541 1237 lugi
553 1170 585 1219 et
597 1156 706 1217 rationi
717 1156 886 1217 dimnnm.

121 1232 179 1293 1v.
203 1234 248 1295 8⁰.
268 1235 383 1307 Plures,
398 1248 433 1297 ot
446 1238 579 1317 Sylvius,
594 1237 753 1307 Daelman,
764 1247 824 1297 etc.
840 1247 921 1297 const

80 1313 206 1374 formale
219 1317 335 1397 peceati
347 1318 379 1377 in
392 1318 562 1397 privatione
580 1318 773 1379 rectitudinis
792 1317 908 1377 debito

82 1392 249 1457 illaautem
263 1397 412 1459 rectitudo
423 1398 527 1461 debita
538 1399 647 1471 inesse
666 1409 721 1459 est.
731 1397 920 1459 amtormitu

80 1472 206 1535 hnmani
217 1497 287 1537 cnm
300 1488 382 1539 rocta
392 1480 509 1543 ratione
527 1489 560 1539 et
578 1478 647 1558 lega
658 1489 780 1550 eterna,
788 1479 883 1559 juxta
892 1478 920 1537 di

76 1552 132 1615 -60,
174 1556 283 1637 Itaque
305 1558 431 1621 formale
452 1560 569 1639 peccati
591 1569 637 1619 est
657 1559 787 1639 privatio
810 1558 920 1618 eonion

81 1636 168 1695 actos
181 1636 305 1725 humani
317 1658 388 1699 cnm
399 1650 482 1701 recta
494 1640 612 1701 ratione
622 1650 655 1700 et
665 1640 734 1719 lege
744 1650 867 1699 eterna.

123 1716 161 1775 V.
176 1714 402 1781 Probstnrhoec
423 1721 571 1781 sententia
589 1740 629 1781 ex
648 1721 806 1799 Scriptura
833 1721 920 1780 Sacra

80 1806 238 1875 peccatum
263 1802 406 1880 proponit
429 1822 487 1881 per
506 1801 632 1863 modum
653 1800 849 1879 privationis:
870 1801 912 1859 ita

82 1894 147 1955 cap.
158 1874 187 1936 6.
201 1898 230 1938 r.
246 1887 293 1940 14.
307 1880 419 1942 dicitur
432 1882 471 1942 de
484 1881 712 1961 peccatoribus:
734 1881 829 1955 “Qui
842 1881 919 1939 latai

82 1963 103 1990 “
116 1957 247 2020 nihilo?
261 1971 292 2020 et
303 1962 443 2022 deremire
453 1983 518 2042 cap.
530 1970 576 2022 14.
583 1983 612 2021 v.
622 1971 650 2030 7.
661 1960 788 2021 dieitur:
805 1968 827 1995 “
839 1959 919 2019 Muit

82 2043 103 2071 “
115 2039 286 2101 aversiones
298 2048 434 2102 uostrae.'’
593 2058 597 2073 ·“

122 2119 238 2179 Eodem
257 2123 349 2181 modo
371 2123 537 2202 loquuntur
552 2126 605 2187 SS.
623 2125 733 2194 Patres,
749 2143 880 2202 quorum
895 2133 919 2181 te

81 2197 133 2257 nia
145 2199 215 2259 vide
224 2202 306 2280 apud
321 2203 470 2282 Sylvium.

124 2278 272 2340 Probatur
285 2283 374 2342 etiam
389 2287 405 2343 i
421 2285 555 2344 ratione:
581 2305 670 2345 omne
683 2304 736 2344 ens
748 2284 919 2363 positivum,

82 2378 143 2418 non
156 2372 203 2419 est
216 2363 311 2432 Deus,
325 2365 503 2442 producitur
516 2368 532 2424 i
548 2368 634 2426 Deci
660 2366 744 2443 atqui
763 2364 889 2423 formale
912 2385 918 2442 1

83 2458 135 2499 seu
149 2441 262 2502 malitia
274 2462 335 2503 non
348 2457 448 2523 potest
461 2466 524 2505 esse
538 2450 553 2505 i
568 2448 654 2518 De0;
669 2466 752 2523 ergo,
767 2455 824 2503 etc.

123 2520 196 2601 obj.
212 2522 237 2582 I.
252 2523 289 2582 Ιιι
301 2526 477 2603 quibusdam
491 2527 607 2587 actibus
621 2526 716 2596 malis,
727 2537 761 2586 ut
771 2526 842 2584 odio
852 2525 918 2596 Dei,

83 2600 170 2672 cidio,
184 2613 241 2663 etc.
252 2605 335 2665 nulla
353 2617 399 2666 est
417 2607 520 2673 debita
531 2607 689 2677 rectitudo,
703 2608 763 2665 imd
777 2606 862 2664 nulla
874 2606 916 2663 eis

82 2689 195 2757 potesta
205 2704 278 2763 ergo
289 2686 414 2748 formale
421 2688 536 2767 peccati
546 2687 652 2765 nequit
663 2686 805 2747 constitui
815 2686 848 2743 in
859 2686 918 2763 prii

83 2762 274 2823 rectitudinis
287 2766 396 2826 debitae
409 2770 514 2829 inesse.

124 2842 161 2900 R.
177 2843 254 2903 Dist
267 2847 403 2907 anteced.
415 2850 508 2909 Nulla
520 2859 565 2909 est
578 2848 680 2908 debita
686 2856 739 2906 aut
747 2855 850 2925 potest
857 2845 917 2903 ines

82 2919 190 2992 titudo,
227 2925 252 2983 si
276 2928 501 2989 considerentur
533 2929 578 2988 illi
605 2939 689 2988 aetus
716 2947 785 2986 cum
812 2946 867 2985 suo
895 2926 916 2983 d

82 3019 164 3061 conc.
180 3008 313 3067 anteced.
356 3008 388 3067 si
408 3008 634 3070 considerentur
653 3007 820 3067 secuudum
843 3026 885 3074 se,
899 3027 917 3064 n

81 3092 154 3141 sunt
162 3095 247 3144 aaut
259 3087 393 3158 humani,
404 3109 473 3168 neg.
487 3089 621 3149 anteced.
634 3114 644 3153 ε
656 3108 726 3147 nam
739 3087 822 3145 omui
832 3087 912 3146 actui

80 3178 121 3221 nc
133 3162 260 3224 debetur
273 3186 327 3226 sua
340 3169 455 3248 regula,
469 3170 531 3229 sive
541 3180 576 3230 ut
583 3170 622 3229 sit
629 3167 790 3229 conformis
802 3167 865 3245 legi
879 3178 917 3226 aet

121 3243 192 3323 obj.
204 3245 246 3304 ΙΙ.
258 3248 391 3308 Privatio
399 3249 451 3309 ilia
457 3250 505 3309 vel
514 3261 560 3310 est
570 3249 695 3328 aliquid,
703 3247 752 3308 vel
761 3257 807 3306 est
816 3268 917 3325 purun

81 3340 153 3400 ergo
171 3324 220 3383 vel
243 3326 275 3385 in
294 3328 395 3407 aliquo
414 3331 553 3410 positivo,
574 3330 624 3389 vel
642 3331 675 3388 in
694 3348 773 3408 puro
786 3328 883 3387 nihilo
903 3327 917 3386 i

79 3405 195 3481 peccati
209 3406 408 3472 constituitur.

121 3481 145 3537 Υ
151 3484 176 3541 1.
199 3486 233 3543 R.
258 3488 335 3568 Neg.
354 3490 488 3552 anteced.
501 3513 509 3550 ι
522 3512 590 3551 nam
604 3492 683 3551 inter
696 3487 811 3567 aliquid
825 3488 915 3560 reale,

80 3581 146 3620 rum
158 3564 235 3623 nihil
244 3567 332 3628 datur
340 3573 484 3644 medium,
493 3573 604 3633 scilicet
616 3575 678 3632 Ens
688 3569 884 3650 privativum,
896 3591 916 3630 u

81 3640 228 3704 &Thena
248 3655 275 3709 1.
288 3662 375 3729 parte
388 3665 492 3733 quast
508 3661 556 3714 4&
571 3664 628 3713 art.
639 3661 667 3713 2
