2160 4072
68 84 111 150 48
178 92 183 103 “
445 98 648 147 aasentias

66 249 147 321 tiva3
165 245 312 326 permittit,
332 241 702 324 designatpermissionem
715 239 851 320 peccati3
877 240 980 301 camuli

68 329 170 388 divina
180 326 302 387 consilia
315 335 346 383 et
356 325 593 397 exhortationes3
608 321 862 401 impletimportat
874 321 980 402 aliquae

69 409 130 470 Dei
144 408 353 487 operationm
368 425 397 464 v.
411 427 443 484 g.
453 404 641 465 miraculum.

110 489 202 550 Plura
215 488 323 547 divina
331 486 493 549 voluntatis
503 486 588 564 signa
597 502 717 564 ponere,
727 456 863 542 handbst
876 503 980 544 necess

70 568 138 630 clun
151 569 267 646 reliqua
276 566 375 626 omnia
384 566 423 624 ad
436 587 531 626 unum
549 565 647 624 ethis
655 563 790 643 quinque
799 563 889 623 'facile
901 564 980 624 redut

69 649 193 730 possint

111 730 174 790 ΙΙΙ.
199 726 361 789 Observari
384 738 481 804 potest
503 747 573 788 cum
598 727 629 784 S.
644 724 751 784 Thom.
776 735 830 783 art
849 732 898 784 12.
925 723 980 802 quit

70 810 205 890 quendam
219 808 357 867 voluntas
371 808 448 885 signi
461 827 577 886 semper
599 804 747 864 coincidet
770 824 840 864 cum
853 803 980 863 voluntat

69 887 257 968 beneplaciti,
268 907 375 965 nempe
388 887 513 964 operatio
521 910 536 954 ‚·
557 886 692 966 quadam
705 884 872 963 nunquam,
897 884 980 944 scilia

69 968 214 1049 permissio
222 967 333 1047 peccati
340 989 354 1034 ;
376 967 498 1044 reliqna
511 978 582 1039 tres,
608 977 629 1002 “
639 976 830 1045 preceptum,
845 964 980 1042 prohibiti

71 1057 92 1084 “
102 1061 133 1109 et
143 1049 316 1109 consilium”
337 1067 405 1106 cum
428 1046 582 1108 voluntate
607 1047 788 1126 beneplaciti
802 1045 938 1105 absolutis
953 1044 980 1104 al

72 1130 191 1209 quando
207 1128 442 1207 conjunguntur,
459 1139 489 1187 et
503 1129 663 1208 aliquandi)
676 1148 746 1186 non.

143 1277 181 1333 N.
197 1282 244 1341 37.
267 1273 324 1333 DE
345 1272 612 1333 VOLUNTATE
635 1272 937 1332 BENEPLACITI.

318 1415 350 1474 S.
368 1417 571 1510 Tlomtquoest.
588 1426 634 1488 19.
654 1427 709 1476 art.
731 1417 760 1478 6.

76 1566 101 1631 l,
123 1563 256 1625 Voluntas
276 1544 448 1636 beneplaciti·
485 1562 530 1620 ll.
548 1561 634 1620 Varie
649 1559 792 1622 diuiditur.
829 1561 891 1622 III.
908 1560 980 1621 Volui

250 1649 295 1698 tos
307 1641 477 1699 antecedens.
513 1641 567 1700 lV.
596 1641 635 1699 Et
648 1639 832 1720 Consequens.

117 1784 227 1859 QUID
242 1794 287 1841 est
300 1783 438 1842 voluntas
449 1785 650 1863 beneplaciti?

118 1867 142 1925 1.
158 1867 193 1924 R.
221 1865 277 1922 Est
303 1874 386 1922 actus
410 1864 519 1922 divinae
537 1865 707 1934 voluntatis,
732 1886 792 1944 qno
806 1865 874 1925 vere
900 1865 980 1944 aliqui

76 1946 162 2017 vult;
177 1944 255 2004 unde
269 1946 333 2002 haec
341 1944 478 2002 voluntas
489 1956 533 2003 est
541 1947 663 2023 proprie
672 1956 703 2004 et
712 1947 876 2006 formaliter
890 1948 921 2006 in
937 1949 980 2006 De

121 2028 136 2085 l
141 2027 164 2085 1.
179 2025 326 2083 Voluntas
339 2025 402 2083 hoec
424 2024 570 2084 dividitur
583 2026 615 2082 in
629 2026 853 2085 antecedentem
867 2039 898 2087 et
911 2047 980 2088 cons

79 2117 230 2187 quentem‚
244 2106 390 2164 efficacem
401 2115 431 2163 et
440 2107 629 2177 inefficacem,
644 2107 808 2166 absolutam
823 2119 853 2167 et
867 2107 980 2167 conditi

80 2199 190 2256 natam,
213 2185 407 2243 necessariam
421 2197 452 2244 et
473 2187 607 2244 liberam.
653 2189 697 2245 De
725 2187 845 2246 ultimo'
859 2189 980 2248 division

80 2268 214 2326 membro
228 2277 327 2323 actum
342 2275 387 2323 est
402 2267 440 2322 N.
455 2275 501 2325 34.

122 2347 183 2406 Ill.
206 2345 289 2418 Quid
303 2355 348 2403 est
361 2345 497 2404 voluntas
511 2346 712 2406 antecedens?

122 2427 156 2485 R.
173 2427 227 2496 Ea,
242 2426 300 2502 quit
312 2427 395 2484 Deus
405 2425 519 2504 aliquid
530 2429 594 2486 vult
602 2428 819 2487 consideratum
832 2429 912 2488 nude
927 2429 959 2486 in
972 2448 980 2487 ε

81 2511 193 2585 absque
207 2505 446 2578 circumstantiis,
461 2528 511 2566 seu
526 2520 594 2568 ante
609 2508 875 2568 considerationem
889 2511 980 2569 circus

80 2588 255 2649 stantiarum
264 2596 366 2646 nostro
380 2588 565 2665 concipiendi
577 2589 675 2647 modo.
696 2590 745 2648 Ab
755 2589 905 2667 aliquibus
917 2609 980 2648 voca

83 2671 158 2730 solet
168 2668 303 2725 voluntas
312 2667 531 2744 complacentia
543 2693 552 2740 3
567 2668 648 2746 quod
659 2669 780 2746 quidem
791 2669 909 2728 admitti
919 2681 980 2749 pote

83 2749 171 2808 modi)
184 2767 245 2806 non
258 2747 440 2825 intelligatur
449 2749 661 2826 complacentia
671 2749 751 2807 nuda
765 2759 795 2808 et
809 2750 930 2821 sterilis,
944 2770 980 2828 qu

84 2831 120 2889 lis
136 2839 179 2889 est
193 2849 236 2897 ea,
259 2848 323 2904 quae
338 2838 473 2886 versatur
487 2829 565 2888 circa
579 2839 726 2888 creaturas
739 2835 819 2889 mere
832 2831 980 2908 possibiles

124 2909 178 2968 IV.
207 2908 351 2966 Voluntas
365 2927 547 2986 consequens
560 2920 614 2980 est,
640 2916 699 2987 qut
715 2912 799 2969 Deus
823 2910 940 2988 aliquid
954 2931 980 2968 vt

86 2988 303 3052 consideratum
318 3008 385 3046 cum
396 2990 534 3048 omnibus
545 2990 605 3048 suis
616 2989 844 3050 circumstantiis
857 2991 980 3070 particul

87 3073 180 3138 ribus,
203 3088 254 3126 seu
267 3069 299 3126 in
314 3068 477 3127 individuo.

127 3151 237 3209 Probat
250 3150 280 3209 S.
296 3149 402 3208 Thom.
417 3148 467 3208 hic
491 3150 529 3208 ad
546 3160 571 3209 1.
584 3150 758 3228 predictam
771 3152 950 3211 divisionem
962 3152 980 3210 h

87 3230 194 3290 modo:
217 3237 237 3263 “
251 3230 476 3307 Unumqnoque
490 3231 655 3290 secundnm
670 3231 750 3309 qubd
771 3235 884 3291 bonum
906 3245 980 3303 est,t

88 3320 108 3346 “
122 3325 166 3370 est
179 3309 331 3368 volitnmit
347 3311 423 3368 Deo:
433 3310 547 3389 aliquid
557 3322 657 3370 autem
664 3322 764 3388 potest
773 3334 836 3372 esse
847 3314 980 3372 bonumt

87 3403 105 3427 ‘⁴
121 3389 228 3450 malem
242 3390 320 3447 nude
334 3389 421 3459 inse,
437 3391 518 3468 quod
531 3402 631 3449 tamen
645 3391 861 3451 consideratum
877 3414 947 3453 cum
960 3414 980 3453 st

90 3470 351 3530 “circumstantiis
376 3471 392 3528 ὲ
417 3472 563 3529 contrario
587 3493 618 3530 se
641 3470 757 3530 habet.”
800 3473 980 3533 Declarath

88 3548 224 3628 exemplo
235 3551 355 3629 judicis,
383 3551 436 3627 qni
460 3551 611 3610 voluntate
634 3552 826 3611 antecedente
840 3555 907 3612 vult
919 3573 980 3614 omt

88 3633 222 3691 homines
246 3631 355 3699 vivere,
383 3643 413 3689 et
427 3630 580 3691 voluntate
605 3644 804 3709 consequente
817 3634 885 3692 vult
897 3633 979 3693 homi

88 3714 154 3772 dam
171 3710 286 3782 occid1;
308 3711 378 3788 quia
390 3711 540 3771 hominem
556 3713 665 3783 vivere,
680 3713 711 3770 in
727 3732 758 3771 se
771 3714 886 3772 bonum
899 3723 955 3786 est,
969 3734 980 3773 s

59 3793 229 3865 ‘hominem
244 3791 432 3853 homicidam
447 3792 561 3864 vivete,
573 3794 608 3852 in
618 3794 851 3853 sebnnnmncn
860 3803 917 3852 est„
