2152 4066
416 100 462 152 nis
483 104 654 154 eneceris.
938 88 1012 157 ’877

92 250 220 332 Septen
243 253 291 315 hit
314 253 411 316 modis
435 254 524 313 etiam
545 264 629 314 acuas
651 250 824 313 indifferens
848 255 1010 315 autbonus

60 335 119 394 eri
133 346 234 412 potest
248 335 411 395 mortaliter
424 334 530 397 malua.
573 336 622 393 De
645 333 772 410 singulis
783 333 881 395 modia
892 335 925 392 in
942 354 1010 416 par-

58 415 294 494 iculeriegetur
309 415 450 475 Numerio
465 415 667 492 sequentibus.

98 494 210 566 Ter-tib,
231 507 388 575 peceatum
402 495 518 555 reniale
539 515 577 553 ex
590 494 738 572 parvitate
757 494 888 553 materiae
904 495 1010 555 iisdem

58 586 169 652 eptem
184 578 281 639 modia
291 586 391 656 potest
403 575 468 635 lieri
479 575 602 635 mortale
612 598 621 647 ;
637 576 761 652 insuper
773 574 807 632 fit
816 576 943 635 mortale
956 596 1011 655 per

58 654 306 716 ircumstantiam
319 656 490 714 notabiliter
503 667 716 732 aggravantem
731 655 764 711 in
776 654 882 713 eadem
898 658 1009 735 specle,

58 741 117 811 [ut
132 738 256 798 matario
264 738 405 800 accrescit
417 747 447 795 st
461 735 494 795 lit
501 737 603 812 gravis
616 760 627 808 ;
651 736 694 795 sic
704 754 732 791 v.
746 755 778 812 g.
793 734 947 796 distractio
957 759 1010 797 vo-

58 818 188 879 untarie
199 817 232 878 in
242 818 414 878 recitatione
428 815 544 876 Divinii
559 816 658 876 Officii
672 815 797 875 venialis
812 834 849 873 ex
862 819 1011 895 parvitate

58 898 196 968 merie,
211 898 395 968 fitmortalit,
418 896 442 957 si
458 898 648 957 continuetur
659 917 716 975 per
728 895 889 963 notabilem
912 899 1010 958 Officii

58 988 183 1036 nartem.
227 981 343 1038 Neesen
357 989 457 1037 tamen
481 976 596 1035 mavult
610 978 719 1050 dicere,
749 975 832 1054 quod
846 986 919 1037 tunc
932 996 1011 1040 mor·

58 1055 116 1116 ale
125 1059 266 1118 succedat
278 1058 397 1120 veniali.

58 1218 96 1279 n.
115 1217 183 1281 166.
206 1222 265 1281 nn
279 1217 512 1280 scaunato
534 1218 589 1279 nr
610 1202 884 1279 conanum?
903 1221 1009 1294 Qua.

97 1298 243 1362 nauus
265 1298 530 1361 Faciuntne
546 1296 730 1359 vantem
748 1299 968 1360 nonnata.

58 1452 81 1517 Ι.
112 1457 228 1518 Veniule
249 1464 285 1535 fil
299 1459 412 1519 mortale
434 1457 541 1517 ratione
560 1456 698 1516 scandali.
741 1459 783 1516 11.
809 1458 882 1517 Item
903 1460 1011 1519 ratione

94 1538 271 1616 contemptis
273 1537 417 1616 formalis,
460 1536 519 1597 111.
548 1538 604 1604 Qu·
620 1545 660 1596 eat
680 1546 823 1616 peccalum
837 1539 1009 1598 distinctum.

97 1617 155 1678 IV.
182 1616 366 1682 Qracndonam
381 1617 456 1676 adsit
475 1626 645 1696 conlemptus
647 1615 795 1694 formalis
836 1617 872 1676 V.
894 1619 1009 1677 Indicia

95 1696 370 1840 talamannia
413 1695 466 1757 Vl.
508 1696 605 1757 Potest
632 1697 716 1757 etiam
740 1716 801 1757 esee
825 1697 905 1757 circa
932 1717 1009 1756 mera

93 1797 149 1837 m
191 1779 197 1797 .

69 1998 72 2003 .
96 1938 387 2012 QUANDONAM
402 1938 516 1999 ratione
529 1936 659 1999 scandali
672 1947 827 2016 peceatum
843 1936 962 1997 veniale
974 1937 1007 1995 fit

58 2018 206 2079 mortale?

101 2100 128 2159 Ι.
142 2100 177 2157 R.
196 2098 327 2170 Quando
343 2118 469 2176 peccans
488 2099 642 2159 venialiter
655 2097 810 2175 praevidet,
834 2108 887 2157 aut
900 2099 1008 2176 praevi-

58 2178 132 2238 dere
146 2190 244 2257 potest
258 2190 287 2237 et
299 2179 397 2248 debet,
422 2178 502 2256 qubd
516 2199 553 2237 ex
574 2199 628 2237 suo
648 2189 771 2256 peccato
783 2179 859 2239 elius
872 2179 911 2237 sit
922 2199 1005 2237 scau-

58 2259 236 2321 dalieandue
245 2259 330 2337 gravi
339 2259 477 2319 scandalo
488 2259 683 2328 infirmorum,
698 2258 760 2319 eive
770 2258 958 2317 inducendus
970 2259 1008 2316 ad
1071 2268 1074 2275 ’

58 2350 214 2416 peccatum
239 2339 381 2401 mortale:
409 2358 437 2397 v.
461 2361 491 2418 g.
517 2338 584 2417 quis
608 2338 763 2417 praevidet,
791 2339 873 2416 quod
900 2338 1007 2398 leviter

58 2419 151 2481 alium
164 2419 325 2489 irridendo,
340 2419 390 2479 ille
410 2419 481 2479 inda
494 2419 525 2477 in
545 2418 753 2497 blasphemias,
782 2419 923 2498 perjuria,
948 2430 1006 2477 etc.

59 2499 286 2577 aiterupturus=
317 2498 385 2577 quis
397 2500 544 2577 praevidet
556 2520 594 2559 ex
605 2498 704 2557 verbis
726 2499 788 2559 cuia
807 2498 917 2576 jocosis
934 2498 1009 2557 alios

58 2580 233 2641 excitandos
246 2579 284 2637 ad
299 2580 389 2639 verba
403 2582 542 2641 obscoena
554 2604 564 2652 ;
590 2579 691 2660 puella
704 2580 864 2657 praenoscit
876 2579 1007 2656 aliquem

59 2678 95 2717 ex
109 2681 189 2721 vano
203 2660 297 2738 ipsius
307 2670 412 2719 ornetu
426 2671 619 2738 peccaturum
633 2658 808 2729 mortaliter,
827 2669 886 2719 etc.

99 2741 178 2803 Huc
190 2741 267 2799 ratio
277 2740 407 2799 scandali
420 2741 603 2819 frequentiis
612 2740 742 2801 occurrit
752 2739 783 2797 in
798 2739 1008 2818 Superioribus

58 2829 89 2878 et
100 2821 295 2881 Parentibus:
311 2841 341 2880 v.
353 2841 383 2898 g.
398 2821 470 2881 dum
484 2821 584 2898 proles
596 2840 633 2879 ex
643 2820 744 2881 verbis
756 2821 916 2881 Parentum
930 2821 1006 2880 male

59 2902 234 2961 sonantibus
243 2900 480 2980 discuntjurare,
509 2920 570 2963 non
585 2900 769 2964 attendentes
782 2898 822 2961 ed
835 2899 927 2959 litem
941 2920 1007 2958 nru-

58 2981 211 3052 tationem‚
226 2993 256 3040 et
270 2982 421 3043 dicentes:
436 3001 463 3039 v.
474 3002 504 3060 g.
518 2983 637 3059 begot‚”
659 2981 732 3039 dum
748 2981 889 3043 Parentes
902 2981 1007 3039 dicunt

60 3067 79 3095 “
88 3061 189 3123 belot:
200 3062 272 3121 dum
282 3061 415 3121 similiter
425 3082 462 3120 ex
468 3081 561 3140 parvo
573 3061 655 3120 furto
666 3061 827 3121 Parentum
836 3061 1006 3121 animantur

58 3140 95 3209 ed
109 3142 226 3221 majora
236 3142 455 3204 committenda

58 3278 62 3285 .
99 3221 143 3285 Hi
154 3223 235 3281 modi
245 3233 369 3300 possunt
382 3222 485 3285 reduci
498 3223 538 3283 ed
552 3222 803 3283 circumstantium
817 3229 837 3256 “
848 3221 915 3299 quis
925 3225 941 3245 ''
957 3220 1005 3279 vel

58 3309 77 3334 “
87 3302 190 3379 quid.''

58 3428 61 3436 .
96 3382 299 3519 Qum*
325 3384 440 3445 ratione
460 3383 817 3462 contemptbspecoatum
833 3381 948 3441 reniale
973 3382 1006 3439 lit

58 3481 106 3520 mo
166 3466 205 3520 el

96 3542 140 3605 11.
160 3544 194 3605 R.
206 3543 337 3615 Quando
349 3543 425 3603 illud
442 3543 558 3607 veniale
571 3544 765 3605 committitur
780 3563 816 3603 ex
833 3551 1005 3618 contemptu

58 3621 175 3685 formali
186 3622 262 3701 legis
270 3624 319 3685 vel
331 3624 518 3703 legislatoris,
524 3644 551 3681 u.
564 3644 594 3702 g.
607 3623 806 3702 aiReligiosus
815 3622 884 3684 idco
895 3621 1005 3681 directi

58 3701 181 3778 iungat.
189 3703 351 3775 silentium,
367 3705 437 3783 qnia
447 3716 493 3764 est
503 3713 698 3784 preceptum,
710 3705 761 3769 vel
772 3705 838 3784 eius
850 3703 934 3763 Prior
948 3702 1007 3761 hoc

58 3780 172 3852 edixit·
180 3794 374 3865 contemptus
382 3785 466 3847 enim
478 3787 533 3847 ille
546 3785 703 3850 redundet
715 3787 753 3850 'tn
761 3789 869 3872 ipsum
879 3783 1029 3849 ileum&-

486 3878 509 3933 2
528 3876 582 3932 ull
