2152 4066
70 90 135 160 248
443 114 643 164 raseraros

70 279 167 333 voces,
182 271 204 298 “
213 262 290 342 quis,
305 264 388 342 quid,
403 266 483 337 ubi,”
501 275 557 325 etc.
576 282 635 325 non
650 261 811 340 significari
824 264 972 331 condition

69 343 249 415 essentiales,
276 364 313 403 ex
337 347 446 422 quibus
467 345 581 426 pendet
604 342 768 404 substantia
781 349 866 406 actus
878 349 972 410 morali

69 419 222 498 (quamvis
234 424 314 483 idem
328 425 386 485 illa
401 446 486 485 voces
495 423 685 505 grammatice
697 423 880 508 significent)
896 429 972 488 seda

69 500 336 642 iiiilacriiffifim
357 505 561 567 accidentales.
602 505 691 564 Nunc
704 504 743 564 de
756 505 882 586 singulis
895 508 926 566 iu
938 530 972 587 pr

70 739 109 798 N·
121 747 167 806 75.
189 742 246 802 DE
261 743 617 808 CIRCUMSTANTIA
630 741 734 811 QUIS
745 742 827 805 SEU
838 743 971 810 QUALI.

69 900 96 959 1.
109 900 232 963 Dauom
245 903 395 984 qualitates
404 925 532 986 persona
543 904 695 983 operantis,
738 902 781 962 11.
801 903 840 963 Ut
860 907 926 974 voti,
949 906 970 966 0

108 979 184 1038 dinis
208 984 296 1056 socri,
322 993 373 1048 etc.
415 986 476 1044 llI.
499 983 686 1054 Matrimonii,
729 983 774 1041 IV
814 983 971 1064 Sponsa-lin

110 1059 147 1117 V.
162 1059 233 1120 Item
255 1064 363 1123 ratione
374 1063 525 1123 atotriront
541 1062 734 1142 professionis.
774 1063 831 1121 VI.
846 1062 918 1120 Item
935 1083 970 1122 ror

109 1158 160 1196 ona
182 1140 328 1220 dignitatis
349 1163 475 1222 perronoe
492 1143 645 1222 peccantis.
687 1143 759 1202 VII.
782 1141 970 1203 Consuetndin

109 1217 202 1278 Vlll.
217 1221 281 1280 Eti
321 1221 492 1280 retitudiaia.

109 1297 220 1436 ngllll
246 1299 308 1362 inte
333 1301 421 1379 'gitur
450 1320 505 1378 per
531 1300 780 1362 circumstantiam
804 1300 928 1380 “quis''
954 1321 970 1359 s

71 1385 91 1414 ‘¹
129 1397 148 1435 u
178 1378 243 1438 is?”

107 1398 174 1517 iit.
187 1458 367 1540 intelligitur
380 1471 461 1521 certa
470 1461 597 1540 qualitas
606 1481 656 1520 seu
668 1462 800 1522 conditio
808 1460 969 1521 accidenter

68 1558 200 1617 persona
214 1542 371 1618 operantis,
380 1543 535 1600 conferens
543 1542 658 1620 aliquid
667 1543 706 1602 ad
717 1542 887 1622 aagendam
895 1541 969 1601 velu

68 1618 219 1678 nuendum
231 1621 394 1680 bonitatem
404 1633 456 1680 aut
469 1621 611 1680 malitiam
622 1625 830 1702 prejacentem
841 1621 934 1680 acuis.

110 1699 152 1758 11.
179 1701 267 1771 Nota,
294 1701 375 1780 quod
397 1702 619 1761 circumstantia
645 1705 771 1781 “quis'’
795 1721 827 1761 se
846 1712 947 1761 teneat

69 1790 154 1857 parte
166 1799 300 1857 persona
313 1783 473 1860 operantis,
493 1781 565 1840 item
585 1783 665 1860 quod
688 1785 824 1862 designet
837 1800 899 1840 non
913 1782 969 1854 ipsa

66 1876 222 1935 personam
235 1872 417 1939 operantem,
431 1883 459 1921 v.
473 1882 504 1939 g.
517 1862 665 1922 Joannem
672 1876 724 1922 aut
734 1866 865 1930 Petrum,
880 1861 968 1921 sedta

69 1939 130 1996 tum
145 1951 254 1999 certam
274 1941 339 2020 ejus
352 1942 535 2020 qualitatem,
556 1943 696 2002 nimirum
722 1954 842 2013 statum,
867 1941 968 2020 profes

68 2037 165 2090 onem,
180 2019 365 2099 dignitatem,
380 2032 436 2083 etc.
447 2043 481 2083 vr
491 2042 522 2100 g.
537 2021 638 2099 siquis
650 2033 722 2082 voto
740 2023 884 2084 mutitatis
895 2033 941 2081 est
953 2043 968 2080 o

69 2098 198 2171 strictus,
209 2101 258 2159 vel
267 2102 382 2161 Ordine
393 2104 483 2162 Sacro
493 2102 662 2181 insignitus,
674 2104 802 2182 qualitas
813 2123 867 2162 seu
876 2103 968 2162 condit

68 2177 130 2236 voti
157 2180 205 2239 vel
232 2182 355 2241 Ordinis
383 2183 475 2253 Sacri,
502 2193 547 2241 est
578 2183 798 2244 circumstantia
822 2185 879 2242 sub
914 2182 968 2241 clas

68 2264 89 2294 “
102 2259 168 2336 quis
178 2263 194 2284 ’¹
208 2262 377 2320 notabiliter
385 2282 553 2340 aggravans
562 2273 592 2320 et
602 2265 730 2342 speeiem
740 2275 859 2323 mutans
868 2282 967 2341 respec

66 2350 254 2416 peccatorum
265 2343 327 2400 tim
340 2342 524 2402 internorum
538 2346 626 2420 quim
640 2356 840 2415 externorum,
862 2364 930 2422 quae
939 2355 967 2402 ta

72 2429 174 2479 contra
184 2421 346 2483 castitatem
361 2423 527 2482 committit.

109 2500 172 2558 lmri
188 2500 278 2578 aliqui
292 2501 404 2571 volunt,
421 2503 502 2579 quod
511 2503 597 2562 altior
608 2505 690 2575 ordo,
701 2504 812 2564 scilicet
823 2503 966 2562 Diaconat

68 2589 98 2637 et
115 2581 340 2659 Presbyteratus
354 2584 413 2640 sint
426 2585 652 2642 circumstantia
661 2583 829 2643 notabiliter
840 2602 966 2660 aggrava

66 2669 111 2716 tes
123 2659 155 2717 in
165 2663 279 2720 ratione
288 2663 452 2740 sacrilegii;
467 2663 539 2721 adeo
553 2677 588 2722 ut
601 2684 631 2725 v.
641 2685 670 2742 g.
694 2663 837 2723 Sacerdos
851 2673 966 2740 peccatu

68 2749 170 2798 contra
183 2743 344 2800 castitatem
362 2742 514 2812 confitens,
533 2744 704 2820 qualitatem
722 2743 885 2804 Sacerdotii
905 2762 966 2820 expr

68 2839 147 2878 mere
162 2820 278 2891 debeat,
292 2832 321 2880 et
334 2842 394 2881 non
406 2824 530 2882 sufficiat
542 2824 650 2894 dicere,
662 2844 693 2882 se
706 2843 769 2883 esse
786 2823 818 2881 in
841 2823 966 2883 Ordinilr

70 2899 176 2959 Sacris.

108 2979 248 3039 Similiter
259 2981 433 3060 Religiosus,
447 2984 500 3061 qui
509 2985 644 3062 peccavit
652 2994 753 3043 contra
761 2983 935 3052 castitatem,
944 3001 966 3038 n

71 3060 249 3119 sufficienter
262 3063 384 3139 exponit
397 3064 524 3124 diceudo
535 3084 566 3122 se
574 3083 711 3143 peccasse
720 3076 822 3122 contra
830 3075 932 3123 votum
942 3082 966 3122 ou

69 3140 169 3210 titatis,
198 3142 250 3200 sed
282 3143 532 3203 circumstantiam
565 3146 628 3203 voti
652 3144 790 3203 solemnis
823 3156 854 3202 et
883 3142 965 3202 Ordir

70 3220 161 3290 Sacri,
177 3221 200 3279 si
212 3242 272 3299 quo
282 3221 441 3299 insignitus
455 3224 502 3294 sit,
518 3225 682 3302 exprimere
695 3224 792 3284 debet.
857 3246 860 3251 ·

110 3301 170 3359 Ill.
187 3304 286 3361 Status
302 3304 519 3363 matrimonialis
529 3306 658 3381 pertinet
667 3305 755 3363 etiam
765 3305 804 3363 ad
813 3305 965 3364 circumsta

68 3380 139 3437 tiam
151 3387 172 3413 “
183 3383 272 3458 quis''
284 3395 313 3441 et
323 3395 467 3460 aggravat
474 3386 644 3443 notabiliter
652 3394 773 3463 peccata
782 3383 965 3455 carnis‚adde

67 3460 104 3517 iis
114 3460 494 3540 alteriusspecieimalitiam
504 3485 612 3543 nempe
622 3464 809 3543 injustitiaein
817 3475 964 3544 comperte

108 3540 161 3597 IV.
177 3544 288 3601 Pariter
301 3544 448 3621 sponsalia
455 3556 603 3604 contracta
612 3543 792 3624 probabilius
799 3556 913 3623 augent
923 3557 964 3603 nn

68 3619 167 3679 biliter
181 3623 402 3682 fornicationem
418 3645 485 3683 cum
499 3625 587 3684 tertia
596 3644 732 3706 persona,
744 3633 779 3683 ut
792 3626 907 3699 dictum
919 3635 961 3684 est

69 3713 154 3762 tract.
170 3702 236 3761 “de
253 3705 442 3763 Matrimonio
452 3708 470 3728 ''
485 3707 574 3763 Num.
588 3715 617 3775 9.

109 3782 144 3842 V.
161 3782 303 3841 Similiter
316 3786 430 3851 ratione
444 3785 635 3860 professionis
658 3794 690 3845 ct
711 3784 876 3845 functionis
887 3805 964 3862 gran

55 3875 188 3942 peccant
206 3863 342 3945 judices,
369 3865 518 3938 officiales,
542 3865 691 3936 medicus,
710 3865 883 3936 autentas,
899 3867 963 3925 l’ast
