2160 4072
397 122 443 167 ne
466 120 709 168 contemnam.
967 108 1032 179 409

12 266 83 303 ’ἃ
100 282 103 287 “
125 269 193 329 Nec
206 270 315 340 obstat,
325 268 558 348 propositionem
573 289 662 346 agere
677 268 715 329 de
727 271 941 347 probabilitate
952 280 973 308 “
986 284 1031 334 te-

13 346 79 413 ,ἷ-
87 352 108 383 ”
117 348 172 409 nui
176 353 211 422 3³¹
219 350 291 428 quia
300 349 438 429 equidem
449 350 591 427 supponit
600 350 839 426 probabilitatem
849 372 913 413 esse
921 372 1031 425 reram,

12 428 61 463 -“’
84 426 153 489 mn
172 429 272 502 dimt3
292 430 408 489 “Modd
430 430 445 485 i
465 430 684 508 probabilitatis
695 431 804 492 finibus
814 450 874 491 non
883 439 1032 495 exestur.''

12 506 87 597 J:
125 506 199 588 obj.
214 509 239 567 Ι.
253 509 408 605 dudicium
431 509 567 605 innixum
592 511 798 605 probabilitati
818 523 864 572 est
877 513 1028 593 prudens:

12 670 24 757 '.
58 589 1030 759 ittit'ffiffitttdtlttlttt,titltlttti,a

12 738 169 821 -Jbs,
182 748 356 829 inquantim
367 750 473 830 judico
486 750 632 810 actionem
645 751 726 811 oertd
740 772 804 812 esse
816 753 939 825 licitam,
960 775 1029 836 neg.

17 830 49 895 ,ἶ
80 830 220 891 ¹utteced.
234 830 290 889 boc
299 831 448 910 judicium
463 831 541 888 enim
552 834 622 890 vere
635 842 680 890 est
693 832 878 911 imprudens,
901 835 969 894 ctim
983 837 1029 894 in-

12 910 36 944 ἓ
79 906 324 971 ‘sttsmrmotivo
345 910 460 971 incerto
473 922 503 969 et
516 921 673 988 praestetur
686 932 821 972 assensus
835 925 955 989 certue3
983 917 1029 975 in-

11 990 233 1067 ³³¹quntdm
251 991 356 1071 judico
369 992 515 1051 actionem
528 990 724 1068 probabiliter
744 1012 808 1052 esse
822 994 945 1066 licitam,
958 1018 1030 1056 con-

87 1070 158 1131 oedo
168 1082 267 1131 antec.
281 1074 382 1131 verbm
392 1071 452 1131 tale
456 1070 605 1149 judicium
619 1091 678 1129 non
690 1073 807 1144 sufficit,
821 1086 856 1133 ut
873 1074 945 1135 inde
967 1080 1028 1136 sor-

11 1148 182 1213 *tatur
192 1152 342 1231 judicium
353 1152 529 1231 practicam,
543 1150 614 1210 vere
627 1151 768 1229 prudens,
779 1154 923 1213 actionem
936 1156 987 1217 hic
1000 1171 1031 1218 et

11 1230 164 1313 &tunc
173 1233 357 1293 esselicitam
368 1255 378 1305 ;
390 1231 489 1291 sedad
502 1230 560 1290 boc
569 1231 732 1310 requiritur
740 1234 858 1294 moralis
872 1237 1029 1310 certitudo,

27 1310 112 1373 flu
124 1312 249 1373 dictum
262 1323 308 1372 est
322 1315 413 1372 Num.
427 1319 494 1371 181.

11 1388 75 1431 ²0³
115 1393 389 1470 Aliidistinguunt
402 1392 645 1453 antecedenshoc
656 1394 754 1454 ωοάοε
771 1394 919 1473 judicium
928 1397 1028 1458 innix.

11 1466 128 1537 num
144 1473 355 1553 probabilitati
369 1484 414 1533 est
425 1472 569 1552 prudens,
583 1474 656 1533 dum
667 1486 713 1533 est
723 1474 881 1548 infirmum,
897 1480 1029 1540 concedo

11 1547 58 1589 ²³
68 1564 179 1615 intec-
184 1553 259 1613 dum
267 1554 434 1613 estfirmum
444 1563 597 1612 etcertum
607 1574 686 1631 nego
695 1566 755 1614 ant.
764 1556 831 1615 Jarn
844 1559 1029 1630 autem,licet

69 1626 232 1695 ‘odicium
247 1655 298 1695 seu
310 1654 445 1693 assensus
459 1633 603 1705 infirmus,
618 1655 679 1713 quo
688 1635 792 1713 judico
805 1638 951 1696 actionem
965 1660 1029 1700 esse

29 1646 210 1785 elidum,
231 1716 325 1794 possit
338 1735 403 1774 esse
425 1714 567 1793 prudens,
596 1716 667 1793 quia
690 1726 902 1795 attemperatur
915 1720 1029 1781 motivo

10 1798 42 1893 ῥ’
63 1790 225 1867 incerto3
252 1796 330 1854 actio
342 1804 441 1853 tamen
456 1814 508 1853 seu
525 1793 605 1853 illius
619 1795 768 1873 opinionis
787 1801 888 1875 praxis
908 1814 1029 1860 nonest

10 1880 35 1915 -2
60 1875 231 1953 prudens,
243 1876 313 1953 quia
323 1875 375 1935 ille
384 1894 445 1933 non
453 1886 497 1933 est
505 1884 699 1953 attemperata
709 1875 825 1952 judicio
835 1879 962 1953 infirmo,
974 1882 1028 1940 sed

10 1960 27 2033 ,²
62 1956 200 2017 tantum
215 1956 321 2029 firmo;
335 1956 412 2014 actio
425 1954 514 2023 enim,
527 1954 599 2012 dum
612 1956 745 2032 ponitur,
759 1957 893 2017 absolute
905 1960 1028 2036 ponitur

10 2044 29 2079 θ
65 2046 108 2097 et
130 2036 246 2114 nequit
263 2035 393 2095 formido
416 2045 517 2095 actum
542 2035 719 2092 exteriorem
742 2045 917 2114 temperare,
945 2040 1027 2101 ‘sicut

10 2124 25 2161 ²
66 2126 236 2195 temperat
244 2136 395 2177 assensum
409 2115 571 2185 internum,
585 2114 738 2173 reddendo
748 2136 816 2175 eum
831 2118 992 2177 infirmum.

17 2212 25 2239 ²
116 2197 267 2275 Denique
293 2205 503 2274 argumentum
526 2196 692 2275 retorqueri
715 2206 813 2274 potest
836 2197 894 2258 hoc
913 2199 1024 2275 modo;

10 2288 23 2323 ²
69 2278 159 2339 dum
172 2278 277 2356 opinio
291 2288 336 2337 est
351 2276 443 2335 solbm
457 2276 630 2354 probabilis,
644 2276 809 2354 prudenter
819 2278 933 2357 judico,
955 2283 1026 2341 acti.

10 2430 13 2437 .
71 2378 172 2419 omem
186 2378 252 2417 esse
270 2358 403 2417 illicitam
413 2381 424 2430 ;
450 2377 524 2434 ergo
544 2376 658 2434 ponens
681 2356 762 2416 illam
784 2360 940 2431 actionem,
967 2364 1029 2439 agit

9 2446 21 2479 '·'
74 2450 191 2501 contra
199 2439 346 2519 judicium
360 2438 503 2516 prudens,
514 2436 648 2514 adebque
660 2437 875 2514 imprudenter.

9 2530 18 2563 ·“
122 2519 202 2598 obj.
218 2520 260 2578 11.
277 2518 434 2578 Pontifices
447 2517 604 2594 aliquoties
615 2517 708 2577 secuti
722 2528 793 2576 sunt
802 2518 959 2596 probabile
970 2521 1028 2579 mi-

9 2608 18 2643 ῐ
76 2601 138 2659 nias
146 2610 260 2670 tutum,
271 2622 299 2660 v.
310 2620 340 2679 g.
355 2597 555 2679 dispensando
570 2597 602 2656 in
615 2597 804 2658 matrimonio
823 2610 897 2670 rato,
911 2599 944 2658 in
957 2611 1027 2662 voto

9 2698 18 2723 ²·
79 2680 221 2752 solemni,
232 2692 287 2741 etc.

124 2764 165 2825 R.
188 2762 357 2832 Pontifices,
372 2761 424 2839 qui
435 2759 610 2837 simpliciter
622 2757 654 2816 in
667 2757 726 2818 illis
740 2759 959 2839 dispensarunt,
974 2783 1026 2822 ex-

9 2848 16 2884 ³
79 2844 232 2903 istimasse
244 2843 325 2902 illam
338 2850 514 2919 potestatem
529 2840 586 2899 sibi
598 2844 678 2899 certd
693 2853 879 2918 competere;
907 2843 989 2922 qudd
1003 2846 1028 2903 si

9 2930 17 2963 ¹
80 2914 268 2993 dubitarent,
277 2942 338 2981 non
351 2921 525 3000 simpliciter
538 2920 795 2997 dispensaverunt,
809 2921 863 2980 sed
874 2942 911 2981 ex
926 2942 1029 2983 neces-

9 3008 14 3043 ⁵
81 3004 174 3063 sitate
186 3003 332 3081 compulsi
358 3002 507 3071 dixerunt,
536 3021 567 3060 se
581 3001 752 3078 dispensare
776 3001 945 3080 eipossent,
970 3003 1029 3061 lin-
1053 3074 1056 3079 ι

9 3090 13 3119 ¹
83 3094 214 3163 quentes
222 3083 255 3142 id
267 3082 403 3163 periculo
411 3081 598 3160 petentium3
613 3082 658 3139 uti
673 3078 841 3141 Adrianum
855 3082 1029 3143 V1.fecisse
1050 3116 1054 3125 =

11 3232 21 3241 ,
81 3162 178 3225 refert
193 3165 274 3234 Soto,
295 3164 374 3223 circa
385 3162 607 3221 matrimonium
620 3172 727 3219 ratum.
769 3160 801 3222 Si
820 3162 872 3242 qui
886 3163 972 3222 aliter
984 3163 1029 3222 fe.

83 3246 192 3316 serint,
213 3247 365 3323 ipeccato
384 3263 444 3302 non
459 3254 528 3301 sunt
541 3241 702 3300 eximendi.

125 3324 199 3404 Obj.
214 3326 275 3384 111.
288 3323 389 3384 Sancti
404 3325 507 3383 Patres
518 3321 699 3401 quandoque
712 3323 879 3383 docuerunt
893 3323 1029 3400 quaedam

83 3407 176 3466 solirm
203 3405 379 3483 probabilia,
393 3405 438 3464 uti
452 3424 481 3462 v.
492 3423 522 3482 g.
535 3403 566 3462 S.
581 3403 608 3462 T
610 3402 689 3461 bom.
710 3403 743 3462 in
757 3402 920 3482 questione
930 3402 967 3462 de
977 3404 1029 3483 ju.

82 3488 152 3547 dice
165 3485 286 3546 famoso.
425 3507 432 3513 ·

126 3569 163 3627 R.
186 3566 242 3627 Illa
256 3568 372 3627 tantdm
387 3566 555 3626 docuerunt
577 3563 767 3640 speculative,
791 3562 841 3623 vel
863 3563 888 3622 si
901 3564 1030 3643 practice

83 3647 252 3720 «lacuerint,
261 3658 441 3727 reputarunt
449 3645 501 3704 illa
511 3646 653 3721 tanquim
664 3646 815 3704 moraliter
826 3654 915 3714 certa,
924 3656 954 3703 et
967 3664 1029 3705 non

80 3735 175 3791 solim
180 3730 375 3808 probabilia:
390 3746 491 3807 neque
501 3725 548 3786 usi
563 3737 634 3786 sunt
647 3724 808 3807 principiis
817 3723 1040 3786 Probalititata-

69 3828 149 3871 rum,
159 3821 215 3867 aut
225 3829 384 3869 recursum
396 3810 535 3871 habuere
545 3807 589 3868 ad
603 3829 713 3873 eorum
722 3804 1021 3893 principuarebexa.

101 3884 202 3945 fraer.
216 3887 254 3945 de
270 3887 468 3954 Conscientia.
558 3897 581 3953 2
598 3912 620 3956 tt
