2160 4072
429 116 474 162 ou·
498 90 575 162 ouo.
942 99 987 167 67

85 262 109 320 1.
133 263 168 321 R.
192 260 231 323 1⁰.
255 262 478 321 Praedesdnatio
490 263 619 322 hominis
631 261 707 340 lapsi
730 274 774 322 eat
794 282 831 321 ex
852 267 988 341 praevisis

55 342 156 401 neritis
167 343 289 412 Christi,
312 343 374 401 sive
388 344 477 401 datur
490 345 603 402 intuitu
616 344 788 401 meritorum
804 343 926 404 Christi.

88 423 128 480 IL
141 423 184 480 2⁰.
200 424 248 480 Ex
259 435 343 500 parte
352 423 480 482 hominis
489 424 607 482 nulium
617 423 706 481 datur
715 424 862 491 meritum,
878 427 940 485 sive
949 427 987 486 de

58 503 203 580 condigno,
218 504 282 561 sive
291 503 330 562 de
338 522 481 580 congruo,
495 504 723 582 necquidquam
734 505 815 574 boni,
831 508 987 582 quoDeua

59 595 223 660 provocatur
235 583 297 642 sive
313 583 351 642 ad
364 585 651 662 praedestinationem
666 584 705 642 ad
717 585 851 662 gratiam,
874 587 935 643 sive
949 587 988 645 ad

60 663 334 740 praedestinationem
348 665 523 742 completam
537 685 574 722 ex
588 664 683 742 gloria
695 664 808 722 scilicet
828 677 857 722 et
870 668 986 742 gratia3

62 743 102 801 red
113 754 173 801 tota
186 744 262 801 ratio
270 755 315 802 est
328 745 466 802 voluntas
476 760 506 802 et
519 744 718 803 misericordia
730 746 798 814 Dei,
810 745 897 823 juxta
910 747 987 806 illud

63 823 90 880 ad
109 825 190 881 Rom.
216 844 279 901 cap.
304 834 332 894 9.
360 845 389 884 v.
418 833 464 884 15.
495 832 515 858 “
531 826 694 883 Miserebor
716 825 802 902 cujus
825 826 986 886 misereor:

65 904 314 962 “Misericordiam
329 907 484 983 praestabo,
500 905 585 983 cujus
600 904 788 963 miserebor.''

92 983 171 1042 Circa
184 984 241 1043 hoc
255 984 323 1042 fidei
337 987 446 1062 dogma
458 986 531 1043 varii
544 1005 658 1043 errores
671 985 763 1043 fuere.

93 1063 147 1121 ΙΙΙ.
167 1074 217 1122 1⁰³.
231 1065 365 1141 Originis
373 1066 566 1123 existimantis
574 1085 676 1122 omnes
686 1065 798 1124 animas
808 1067 895 1124 simul
908 1086 987 1127 crea-

66 1154 175 1212 messe,
192 1155 222 1202 et
236 1145 440 1222 praedestinari
462 1146 510 1204 vel
533 1145 685 1223 reprobari
710 1146 874 1204 secundirm
899 1168 988 1224 opera

66 1222 125 1282 bona
137 1225 184 1282 vel
197 1226 283 1294 mala,
298 1246 364 1302 quae
378 1226 500 1296 faciunt,
514 1236 673 1302 antequam
687 1226 804 1303 corpori
819 1228 968 1285 uniantur.

93 1313 141 1363 2¹¹⁸.
163 1307 257 1363 Error
269 1307 329 1363 fuit
344 1306 569 1383 Pelagianorum
584 1305 764 1377 docentium,
780 1325 897 1364 causam
911 1328 987 1385 prae-

66 1381 251 1444 destinationis
272 1406 345 1457 esse,
370 1406 460 1464 opera
482 1388 560 1446 bona
573 1387 642 1444 solis
656 1396 770 1444 naturae
783 1387 897 1444 viribus
911 1389 988 1447 facta

66 1464 99 1522 rel
110 1466 243 1543 praevisa.

91 1553 141 1604 3⁰⁸.
170 1547 264 1604 Error
277 1547 336 1604 fuit
357 1547 682 1624 semi-Pelagianorum
709 1547 761 1623 qui
782 1547 903 1624 quidem
928 1568 987 1606 non

65 1621 195 1684 docebant
214 1627 502 1704 praedestinationem
525 1629 587 1685 fieri
610 1630 649 1685 ob
671 1627 779 1685 merita·
789 1629 861 1685 solis
875 1641 989 1687 naturae

65 1707 158 1765 viribus
168 1707 248 1765 faeta
256 1707 305 1765 vel
312 1707 447 1786 praevisa,
458 1708 510 1766 sed
517 1719 617 1766 tamen
625 1707 818 1766 admittebant
827 1708 857 1765 in
869 1709 989 1767 bomine

62 1787 198 1861 quoddam
208 1789 325 1846 initium
336 1800 366 1847 et
375 1789 618 1866 praeparationem
631 1788 788 1866 quamdam
803 1789 839 1846 ad
851 1789 988 1866 gratiam,

61 1883 100 1925 teo
112 1867 199 1945 pium
213 1869 372 1946 quemdam
386 1889 421 1927 ac
433 1868 596 1926 naturalem
611 1868 752 1926 credendi
765 1867 913 1936 affectum,
929 1890 989 1946 quo

60 1956 190 2024 tanquam
203 1950 324 2017 motivo,
340 1950 433 2019 Deus,
458 1960 491 2007 ut
504 1949 546 2007 ita
560 1949 666 2017 dicam,
686 1949 871 2006 excitabatur
884 1949 922 2007 ad
936 1950 988 2007 tali

58 2029 173 2102 gratiam
198 2028 269 2087 fidei
291 2030 512 2087 conferendam.
554 2028 696 2086 Parvulos
717 2033 788 2086 vero
811 2041 989 2106 praemature

56 2109 217 2178 morientes,
240 2099 274 2167 in
289 2111 398 2187 quibus
412 2111 468 2168 ista
480 2109 660 2188 praeparatio
671 2108 709 2166 ad
723 2109 847 2185 gratiam
862 2129 921 2166 non
936 2110 989 2168 ha-

57 2185 188 2259 bebatur,
209 2189 350 2248 dicebaut
363 2191 381 2248 a
397 2192 463 2248 Deo
475 2190 680 2268 praedestinari
695 2208 731 2246 ex
744 2189 921 2266 praevisione
934 2192 988 2250 bo-

54 2284 154 2327 norum
169 2289 303 2348 operum,
326 2290 393 2347 quae
407 2271 555 2339 fecissent,
570 2269 594 2327 si
608 2269 723 2327 diutius
736 2269 885 2328 vixissent.

89 2357 142 2409 4¹¹³.
165 2352 259 2408 Error
279 2351 464 2419 fuiteorum,
486 2352 538 2428 qui
562 2349 710 2412 dicebant.
740 2349 822 2427 quod
844 2350 990 2428 praevisus

54 2428 143 2488 bonus
171 2431 275 2508 gratiae
298 2451 370 2489 usus
396 2442 473 2489 esset
499 2431 576 2488 ratio
600 2428 885 2507 praedestinationis3
914 2451 989 2508 quos

54 2511 158 2568 refutat
173 2513 203 2570 S.
221 2511 327 2569 Thom.
348 2511 397 2569 bic
411 2513 441 2568 in
455 2511 541 2588 ,Corp
557 2521 648 2588 prout
661 2510 750 2568 etiam
763 2509 843 2568 clare
855 2511 988 2568 refutan-

54 2601 98 2647 tur
118 2591 258 2668 exemplo
278 2591 437 2668 Tyriorum
454 2611 528 2668 quos
543 2590 678 2650 Christus
691 2591 768 2648 bene
781 2610 886 2648 usuros
897 2590 990 2650 fuisse

54 2671 143 2746 gratia
159 2673 294 2743 affirmat,
318 2671 356 2729 ad
370 2692 457 2749 quam
472 2683 572 2728 tamen
585 2690 646 2728 non
658 2681 867 2748 pervenerunt.

90 2750 211 2825 Verdm,
232 2752 350 2829 rejectis
372 2753 522 2809 erroribus
546 2752 625 2808 circa
645 2751 930 2828 praedestinationem
951 2753 990 2811 ad

56 2833 183 2906 gratiam,
198 2832 324 2890 celebris
338 2844 382 2890 est
396 2831 597 2890 controversia
610 2832 688 2890 circa
699 2831 988 2909 praedestinationem

56 2911 88 2968 ad
107 2912 242 2988 gloriam,
263 2924 353 2989 prout
375 2923 476 2971 contra
499 2911 787 2988 praedestinationem
802 2911 840 2969 ad
864 2912 988 2989 gratiam

56 2990 265 3069 distinguitur;
279 3012 317 3050 an
331 3013 438 3071 nempe
452 3002 529 3060 aute,
553 3011 592 3049 an
613 2994 683 3051 verb
702 3002 774 3070 post
786 2993 990 3069 provisionem

56 3072 222 3131 meritorum
236 3074 315 3131 facta
328 3075 374 3132 sit.
419 3075 476 3132 Pro
488 3092 548 3151 qua
561 3073 616 3131 sit:

56 3230 88 3287 N.
99 3239 147 3291 48.
170 3232 229 3290 DE
254 3233 674 3293 PRAEDESTINATIONE
697 3232 758 3291 AD
779 3232 990 3291 GLORIAM.

54 3388 75 3447 I.
95 3391 195 3450 Status
209 3391 376 3470 qrcoestiouir.
420 3393 461 3452 ll.
487 3393 564 3451 Ordo
577 3393 843 3468 decretorumjaato
859 3390 989 3449 Moliuis·

86 3479 137 3529 toa.
183 3473 244 3530 ΙΙΙ.
268 3470 426 3529 Secundum
449 3471 642 3549 Cougraistoa.
684 3471 739 3527 lv.
761 3469 904 3526 Seramisa
920 3489 987 3526 coru-

85 3552 203 3611 uanior.
222 3604 225 3609 .
245 3551 281 3609 V.
311 3551 485 3629 Explicatur
507 3550 592 3609 tertio
613 3549 757 3610 sententia.
799 3548 852 3607 Vl.
885 3548 991 3606 Probo·

85 3639 181 3687 turea
200 3631 281 3707 episl.
303 3630 343 3688 od
366 3632 447 3690 nom.
490 3630 561 3688 Vll.
585 3629 727 3690 Probatur
754 3646 788 3686 ex
812 3628 844 3688 S.
862 3628 940 3706 Aug.
966 3637 991 3684 et

85 3708 118 3766 S.
135 3709 165 3769 Τ
162 3711 254 3771 homd.
771 3752 774 3757 ·
