2152 4066
116 116 182 182 288
222 122 228 137 '
492 124 692 172 reserares

155 279 227 359 obj.
244 278 287 337 Il.
302 273 412 335 Omnia
424 272 559 334 mortalia
581 283 652 332 sunt
673 270 794 330 malitiae
807 263 952 327 infinita:
978 267 1053 344 atqui

114 381 209 424 unum
219 356 368 417 inlinitum
380 373 441 412 non
452 364 497 414 est
509 353 605 433 majus
618 353 713 413 altero
720 375 730 423 ;
744 369 826 427 ergo,
841 358 899 408 ete.
1056 372 1059 381 =

156 444 191 501 n.
207 440 286 497 Dist.
309 436 382 494 min.
404 435 500 515 Atqui
524 454 618 493 unum
643 432 792 493 inlinitum
816 448 880 487 non
906 436 952 486 est
966 427 1053 504 majus

113 523 217 591 altero,
233 519 257 576 si
271 518 330 577 sint
342 514 459 575 infinita
471 514 645 592 simpliciter
658 524 689 572 et
701 509 847 580 absolute,
869 527 954 568 eone
969 508 1052 579 min.;

116 603 141 662 ai
150 603 209 660 sint
221 598 338 657 infinita
351 597 509 655 secundnm
520 594 604 672 quid,
619 613 687 672 neg.
702 594 774 650 min.
785 591 847 670 jam
861 599 964 649 autem
976 587 1053 645 mali.

115 679 276 761 tiapeeeati
286 676 428 745 mortalis,
438 696 499 735 non
513 685 558 734 est
569 674 684 745 infinita
692 672 868 751 simpliciter
879 680 911 729 et
925 666 1056 728 absoluti

116 782 169 822 seu
184 760 320 820 omnibus
333 755 438 815 modis.
478 755 538 815 Pro
551 775 612 833 quo
625 754 682 821 sit:
744 776 748 783 ·

151 925 190 982 N.
217 927 285 981 105.
326 916 385 976 DE
407 914 597 976 MALITIA
619 913 819 974 INFINITA
842 911 1023 972 PECCATl
1062 979 1075 988 μ

466 994 698 1055 MORTALlS.
1065 987 1076 994 ”

131 1166 155 1224 Ι.
170 1161 234 1228 Quo
246 1179 328 1218 sensu
337 1164 486 1239 peccatam
499 1156 615 1216 mortale
627 1156 727 1216 labent
747 1151 883 1214 malitiam
898 1153 1033 1234 irfirriton

157 1322 250 1396 QUO
265 1338 351 1379 sensu
360 1317 472 1377 malitia
482 1316 596 1395 peccati
609 1317 741 1378 mortalia
754 1315 865 1376 dicitur
878 1315 1013 1377 infinita?
1067 1371 1076 1386 ,

157 1404 182 1463 l.
200 1402 234 1459 R.
247 1401 316 1459 Hoc
331 1418 428 1469 sensu,
440 1397 520 1476 quod
533 1400 681 1459 contineat
694 1407 898 1476 contemptum
912 1396 1041 1476 interpre.

4 1497 6 1508 ’
115 1485 242 1546 tatinum
256 1478 519 1559 personaintinitae
533 1497 585 1537 seu
610 1480 669 1538 Dei
678 1503 693 1552 ·,
712 1479 793 1539 unde
807 1475 918 1536 malitia
930 1496 991 1536 mm
1008 1491 1042 1540 est
1061 1535 1066 1550 ι

116 1565 233 1626 infinita
256 1561 440 1640 simpliciter,
469 1558 522 1618 sed
534 1561 646 1618 tantnm
671 1558 829 1621 secundnm
844 1556 932 1635 quid,
946 1557 1043 1621 scilieet
1062 1617 1066 1632 ‚

116 1643 273 1726 objectiva,
288 1641 434 1719 quaternis
448 1651 493 1698 est
503 1651 690 1718 contemptus
703 1659 836 1719 persona
851 1637 985 1710 inlinitm,
1001 1640 1043 1719 qui
1058 1656 1073 1719 ’μζ

117 1733 302 1800 contemptus
315 1721 446 1779 admittit
459 1719 554 1797 majus
568 1721 718 1779 etminus.
1064 1743 1071 1753 ⁴

157 1807 194 1864 ln
207 1824 268 1882 quo
282 1801 416 1860 consistit
428 1799 479 1857 ille
493 1805 702 1878 contemptus?
1067 1862 1071 1877 ,

157 1888 193 1945 n.
207 1885 243 1943 ln
257 1902 301 1952 eo,
317 1881 397 1959 qued
409 1899 536 1959 peccans
546 1880 718 1949 mortaliter,
732 1879 894 1940 avertendo
907 1899 941 1938 se
955 1882 1047 1954 illes,
1071 1935 1075 1946 ,

117 1979 147 2028 et
161 1962 362 2025 convertendo
375 1982 407 2020 se
419 1959 457 2018 ad
472 1970 645 2031 creaturam,
660 1972 814 2020 censeatur
828 1961 927 2019 Deum
936 1972 1048 2041 postpo-

116 2067 186 2107 nere
197 2055 348 2112 ereaturae,
363 2042 432 2100 etin
446 2040 502 2098 hac
516 2040 604 2097 finem
619 2061 704 2099 suum
714 2042 852 2099 ultimum
867 2043 1048 2114 constituere,

116 2127 197 2207 quod
210 2123 336 2184 involvit
350 2123 468 2181 Divinae
484 2121 647 2198 Majestatis
660 2130 882 2199 contemptum
906 2122 966 2180 imo
971 2122 1050 2201 juxta
1071 2090 1076 2188 l

117 2210 146 2268 S.
162 2210 250 2267 Bern.
266 2222 399 2263 sermone
413 2209 439 2259 3.
456 2208 476 2234 “
490 2201 527 2259 de
541 2200 682 2260 Paschate
692 2225 700 2260 :
710 2205 727 2226 '⁹
740 2203 832 2273 Deus,
854 2213 1000 2277 quantum
1012 2213 1050 2262 eat
1070 2240 1073 2247 ·

117 2310 154 2347 ex
168 2288 321 2346 voluntate
334 2281 484 2357 peccantis
492 2281 664 2352 mortaliter,
680 2281 810 2360 quodam
823 2282 917 2355 modo
931 2282 1051 2342 destrui·
1075 2337 1076 2344 ,

117 2381 174 2427 tur.
1072 2382 1075 2391 ·

156 2449 228 2526 obj.
245 2449 340 2505 Actus
354 2442 505 2502 charitatis
520 2462 591 2520 erga
616 2444 717 2502 Deum
730 2462 790 2501 non
804 2453 903 2521 potest
917 2443 978 2503 dici
991 2443 1052 2502 infi-

114 2530 185 2588 nitae
209 2526 359 2594 bonitatis,
380 2545 451 2601 ergo
464 2543 520 2582 nec
544 2534 627 2582 actus
650 2523 745 2582 malus
766 2532 869 2582 contra
883 2515 985 2583 Deum
1000 2524 1053 2586 dici

114 2622 213 2688 potest
226 2607 348 2666 infinitae
360 2603 489 2663 malitia.

157 2693 191 2749 R.
207 2688 372 2764 Disperitas
396 2697 450 2753 est,
479 2684 560 2762 quod
581 2705 636 2763 per
657 2695 813 2764 peecatum
833 2685 961 2745 mortale
975 2686 1061 2746 Dour·

115 2779 329 2836 contemnatur,
351 2777 380 2824 et
394 2766 452 2844 ipsi
465 2765 575 2844 injuria
587 2766 739 2837 inferatur,
761 2765 870 2843 injuria
883 2777 987 2825 autem
997 2785 1055 2824 mo·

114 2851 216 2910 raliter
237 2848 362 2905 inhaeret
374 2846 431 2923 ipsi
451 2866 585 2924 personae
598 2846 726 2916 offensae,
751 2847 867 2905 bonitas
880 2847 953 2907 verri
977 2845 1056 2906 actis

114 2950 249 3010 personae
263 2927 406 3004 operanti,
418 2927 504 3004 juxta
518 2928 654 2999 axioma3
681 2929 822 2985 “Honor
844 2937 888 2986 est
912 2927 945 2987 in
965 2926 1054 2986 hono·

115 3021 136 3046 “
150 3021 244 3078 rante,
265 3007 374 3087 injuria
391 3007 423 3064 in
442 3007 580 3084 injuriato
592 3032 599 3066 :
611 3011 628 3033 ”
656 3018 686 3065 et
712 3006 779 3065 ideo
797 3008 929 3085 gravitas
942 3006 1054 3085 injuria

112 3092 208 3172 potins
220 3089 409 3146 desumituri
424 3087 568 3164 dignitate
581 3106 715 3166 personae
728 3086 854 3158 offenso,
878 3087 999 3147 bonitas
1010 3107 1054 3147 ac·

114 3177 164 3233 tite
175 3168 325 3231 charitatis
337 3167 507 3246 &dignitate
518 3187 652 3246 personae
662 3177 777 3225 amatae.

155 3251 287 3318 Inferes3
302 3268 373 3325 ergo
387 3259 538 3324 peccatum
552 3248 667 3306 veniale
680 3248 768 3306 etiam
784 3256 827 3306 est
840 3246 965 3306 infinita·
974 3246 1052 3307 mali-

116 3337 184 3405 tiae3
200 3331 270 3410 quia
283 3348 338 3407 per
353 3338 507 3404 peccatum
522 3328 637 3386 veniale
648 3330 716 3387 Deo
729 3328 818 3387 etiam
832 3326 866 3385 fit
878 3328 999 3407 injuria.
1072 3324 1076 3371 ¹

154 3417 189 3473 R.
200 3415 278 3488 Neg.
294 3408 442 3484 sequelam
455 3431 464 3478 3
482 3408 567 3466 Ratio
580 3419 633 3480 eat,
646 3410 727 3486 quod
741 3409 851 3487 injuria
863 3407 916 3466 illa
926 3409 965 3466 sit
975 3407 1048 3478 levia,
1072 3404 1076 3446 ¹

113 3517 169 3555 nec
182 3490 302 3573 proprie
318 3487 450 3546 involvat
463 3499 667 3566 contemptum
683 3490 751 3560 Dei,
767 3491 830 3548 cim
844 3507 906 3547 non
920 3496 1055 3548 avertati-

113 3579 180 3636 Deo
193 3586 333 3648 tanquam
350 3570 363 3624 i
379 3567 437 3624 line
451 3567 556 3626 ultimo
580 3579 609 3628 et
623 3569 694 3627 hinc
717 3569 853 3647 quamvis
875 3568 928 3628 illa
948 3569 1047 3648 injuria
1070 3564 1076 3632 ¹

9 3734 13 3740 Ι
108 3653 262 3715 moraliter
275 3651 340 3711 Deo
351 3647 504 3720 inhereat,
513 3667 576 3707 non
585 3659 683 3709 tamen
694 3650 753 3709 <liei
766 3659 866 3728 potest
877 3650 1000 3711 infinita.
1071 3644 1076 3691 ¹

1073 3723 1076 3750 l
