2160 4072
44 35 655 75 ῥ’-

64 112 135 183 m
436 126 647 173 reseratus

106 279 146 339 R.
160 273 238 352 Neg.
251 272 387 335 anteced.
401 274 473 351 quia
484 293 544 332 uun
554 284 627 332 sum
639 293 736 352 porra
755 274 915 352 hirtaque
930 294 969 334 uu

66 357 200 417 stituuut
212 365 369 433 peccatum
378 353 505 413 mortale
514 377 524 425 ;
534 354 588 413 sed
597 366 743 431 peccatur
751 354 908 414 mortaliter
915 374 972 427 eru

68 437 153 515 quud
163 434 293 497 materie
299 455 461 513 parvorum
471 435 621 493 furtorum
631 434 846 495 coalescentia
855 454 931 494 unm
938 454 974 494 ut

69 518 175 580 teriam
187 515 359 588 notsbilem,
370 526 403 574 et
423 514 466 573 its
477 514 641 573 auferendo
653 515 794 574 ultimam
812 526 925 594 partun,
934 534 980 575 utu-²

73 609 172 657 seatur
186 596 302 655 auferre
312 616 375 655 rem
385 594 512 655 alierum
520 595 694 665 notabilem,
702 608 758 654 sut
768 594 977 655 saltsmdetirm

112 676 185 755 obj.
202 675 245 735 11.
259 677 290 735 S.
304 678 385 753 Aug.
400 675 494 752 Epist
514 675 584 737 265.
600 676 678 735 aliis
702 684 770 736 108.
783 676 876 734 dicit:
897 686 979 754 perot

69 778 167 837 parva
179 758 212 815 iu
225 776 317 815 unum
328 755 461 827 collecto,
471 776 596 833 gravare
608 767 639 814 et
649 757 837 834 opprimere,
847 756 979 815 timtumi

73 838 189 916 grande
201 846 377 916 peecatum:
402 837 526 913 insuper
537 848 691 913 comparet
710 837 827 899 ibidem
839 848 980 915 promtum

73 918 163 976 nialia
173 917 268 995 guttis
275 937 359 994 squae
373 917 585 995 multiplicatis,
596 918 698 975 navim
709 917 980 994 submergendus!

60 999 218 1077 'Tractstu
234 1004 280 1059 12.
294 996 328 1055 iu
340 998 485 1058 Jommem
498 998 595 1068 docet,
608 1008 733 1075 peecata
744 997 869 1055 minima
880 996 980 1064 occidue¹

77 1098 110 1137 er
132 1099 161 1148 o,
182 1088 239 1136 etc.

110 1099 154 1218 gR.
173 1160 249 1235 Nrg.
269 1176 389 1235 csuseq.
405 1158 492 1222 Ratio
503 1168 558 1226 est,
571 1157 654 1236 quod
665 1160 697 1216 8.
707 1158 897 1234 Augustinus
907 1154 980 1216 uuir

77 1238 160 1309 velit,
185 1238 266 1316 quud
280 1238 406 1301 venialis
427 1238 624 1316 multiplicato
645 1238 880 1316 “dispositiva’'
899 1238 980 1296 anino

78 1320 259 1397 opprimant,
277 1320 474 1395 submergant
494 1330 547 1377 aut
569 1319 708 1377 oocidsnt
718 1342 727 1388 ;
757 1319 830 1396 quia
855 1318 980 1377 sciliucu

76 1399 211 1468 mortale,
220 1399 303 1479 quod
312 1400 440 1461 animam
449 1399 568 1465 occidit,
579 1400 752 1476 disponunt.
776 1399 839 1457 Hic
853 1392 980 1457 sensusod

77 1478 184 1557 ligitur
193 1500 231 1543 ex
240 1480 306 1559 ejus
315 1498 450 1539 sermons
462 1486 510 1539 88.
521 1487 540 1513 ‘¹
550 1480 590 1539 de
599 1482 763 1558 mmpore,'¹
771 1480 827 1539 ubi
836 1479 895 1538 sita
917 1479 980 1536 “ur

82 1567 103 1593 “
114 1557 251 1619 homines
264 1560 452 1637 negligentes
466 1560 499 1617 in
518 1560 625 1637 primis
645 1560 822 1637 despiciunt
834 1570 980 1638 peccatam

79 1640 179 1718 “quia
184 1660 278 1718 parva
286 1652 373 1711 sunt,·
386 1639 719 1700 crescentibusminutis
727 1641 872 1718 peccatis,
880 1639 980 1701 addunt

81 1726 101 1754 “
115 1721 204 1778 etiam
213 1720 349 1789 crimina,
362 1732 394 1779 et
403 1721 558 1799 cumulum
571 1721 688 1779 faciunt
698 1732 730 1779 et
741 1721 946 1799 demergunt”

121 1800 270 1861 instabis:
296 1810 392 1878 gutte
405 1822 491 1879 sque
505 1803 704 1878 submergunt
723 1801 864 1860 effective
885 1812 914 1860 et
930 1818 973 1879 per

81 1880 195 1938 ratione
209 1884 274 1939 sui:
289 1901 361 1958 ergo
375 1884 463 1940 etiam
475 1882 610 1940 venialis.

122 1963 157 2021 R.
171 1962 240 2021 Non
249 1962 336 2040 pouit
343 1963 374 2020 S.
384 1963 573 2038 Augustinus
583 1962 739 2040 paritatem
752 1962 784 2020 in
797 1961 891 2021 modo
901 1963 980 2020 subm

79 2041 182 2118 geudi,
207 2043 260 2101 sed
273 2043 303 2102 in
318 2054 426 2100 eventu
443 2043 551 2101 sivein
564 2043 681 2111 effectu,
710 2044 763 2118 qui
788 2043 821 2099 ln
846 2042 937 2120 priori
957 2059 980 2098 ca

82 2123 216 2199 sequitur
228 2130 248 2156 “
260 2122 421 2193 effectivi,''
437 2125 488 2201 qui
497 2124 653 2202 posteriori
663 2129 685 2156 “
695 2122 874 2200 dispositive
883 2126 899 2147 ’'
909 2123 979 2181 tanti

115 2282 238 2348 N.170.
281 2285 339 2343 DE
363 2282 626 2343 VENIALIBUS
649 2280 980 2342 DlsPONENTIBUS

403 2366 463 2422 AD
486 2364 705 2422 MORTALE.

219 2483 243 2540 1.
266 2482 406 2548 Quomodo
419 2482 541 2540 venialia
556 2483 706 2567 disponant
721 2483 762 2540 od
775 2485 882 2542 morto!
897 2528 904 2540 .

123 2597 247 2670 QUOD
258 2612 380 2681 peccata
392 2602 520 2661 venialia
536 2603 696 2680 disponant
710 2603 748 2660 ad
762 2606 900 2672 mortale,
911 2601 980 2680 proh

84 2674 148 2734 loca
163 2680 192 2738 S.
207 2684 370 2761 Augustini
385 2703 453 2740 mox
468 2684 572 2742 citata:
604 2683 691 2740 docet
703 2685 863 2761 Scriptura
878 2682 980 2743 Sacra]

84 2755 132 2817 cli.
148 2777 211 2839 cap.
229 2773 274 2833 19.
286 2784 314 2821 v.
329 2771 354 2820 l.
364 2771 385 2796 “
395 2762 711 2840 Quispernitmodica‚
724 2763 870 2840 paulatim
885 2761 980 2822 decio<

81 2838 189 2911 probat
213 2844 300 2901 etiam
326 2843 506 2921 experientia
520 2842 702 2921 quotidiana,
752 2844 821 2910 uod,
853 2845 906 2923 qui
920 2860 980 2921 pest

83 2917 210 2981 venialia
231 2925 317 3000 pleni
343 2924 505 2983 deliberata
528 2923 696 3001 negligunt,
731 2863 824 2983 luciis
848 2925 882 2982 in
907 2935 980 2981 mort

86 3010 185 3070 nsunt,
212 3004 292 3061 unde
316 3005 344 3062 S.
368 3005 557 3066 Bernardus:
580 3006 644 3063 “A
658 3003 791 3061 minimis
810 3005 971 3082 incipiunt,

87 3084 108 3112 “
120 3078 290 3141 inmaxima
302 3094 459 3160 proruunt.
501 3087 598 3143 Nemo
611 3095 732 3161 repente
746 3083 781 3145 fit
795 3087 960 3142 summus.''

126 3159 287 3232 Quomodo
301 3164 427 3223 venialis
441 3164 604 3242 disponunt
617 3165 655 3222 ad
669 3162 820 3223 mortale?

130 3240 153 3296 l.
171 3244 206 3303 R.
224 3243 378 3303 Peccatum
392 3244 506 3304 veniale
517 3265 553 3302 ex
564 3244 711 3322 parvitate
722 3245 866 3315 materiae,
878 3244 927 3302 vel
939 3264 974 3302 ex

88 3322 270 3396 perfectione
282 3323 364 3384 actis
375 3324 507 3402 disponit
516 3326 627 3384 directe.
639 3325 677 3382 ad
686 3325 813 3382 mortale
821 3325 961 3402 ejusdem
974 3340 980 3379 r

89 3401 163 3460 cisi:
180 3404 221 3461 ita
235 3424 361 3481 parvum
375 3405 489 3463 furtum
502 3405 632 3483 disponit
646 3405 758 3464 directe
767 3405 805 3461 ud
817 3421 980 3479 inagnum<¹

88 3490 163 3551 tum,
188 3495 218 3542 et
242 3505 403 3544 consensus
417 3487 611 3564 semi-plenus
624 3486 657 3543 in
680 3485 829 3542 luxuriam
845 3485 981 3562 disponit

89 3565 168 3619 recte
178 3562 216 3620 ad
226 3564 375 3623 luxuriam
390 3566 517 3642 plenam.
540 3568 730 3643 Quapropter
744 3564 980 3635 allaborondum

90 3641 189 3716 prima
201 3645 348 3723 principia
359 3646 553 3721 extirpentur,
568 3647 691 3704 maxime
705 3647 735 3702 in
743 3644 927 3722 junioribus.

130 3721 291 3785 Peccatum
306 3724 424 3786 veniale
438 3744 475 3783 rx
489 3745 600 3803 genere
611 3746 667 3782 suo
685 3725 942 3798 disponite-tantum
965 3723 980 3780 ir

76 3808 163 3868 recte
178 3807 220 3868 ud
241 3808 375 3871 mortale
396 3827 437 3869 ex
452 3826 578 3886 genere,
594 3803 778 3878 inquantum
792 3817 909 3872 nempe
920 3800 980 3851 durs*
