2152 4066
355 121 401 166 na
424 84 668 167 conscrrnrm.
918 96 987 175 4159

75 266 115 323 V.
142 265 290 340 Quintum
312 275 366 336 eat,
392 268 473 346 quod
500 267 694 347 scrupulosus
720 268 885 344 generatim
913 262 987 332 vilet

39 346 249 423 rcrupulorum
259 366 372 417 musas,
386 359 422 407 ut
435 351 593 420 consortia,
608 348 734 428 objecta,
755 359 811 408 ete

76 427 162 486 Hinc
176 426 321 486 ordinaris
335 446 397 485 non
411 430 550 506 congruit
565 428 741 508 scrupuloso
749 428 907 489 instituere
920 450 984 490 me·

40 504 212 566 litationem
225 507 304 566 circa
317 528 361 577 ea,
383 528 450 585 quae
465 520 610 586 generant
628 510 751 567 timores
761 520 795 567 et
807 511 946 571 anx-ietat
955 532 994 570 es·

40 596 69 644 rt
85 588 164 646 circa
177 588 338 659 infernum,
352 589 490 646 ultimum
509 589 670 668 judicium,
697 598 834 661 mortem,
860 602 915 651 eto.
930 592 991 650 sed·

40 668 160 746 expedit
182 678 216 726 ut
241 668 391 746 objectum
414 669 614 728 meditationis
640 671 679 728 sit
691 680 838 745 punctum
859 670 984 750 aliquod

40 748 226 822 gaudiosum,
247 750 321 826 putri
336 749 507 809 Natiuitatis
522 750 641 820 Christi,
671 748 914 823 Resurrectionis,
925 761 984 813 etc.
1001 758 1013 799 ’-

40 826 75 884 ad
86 828 241 887 hocetiam
256 828 347 905 dirigi
360 840 458 906 potest
465 830 642 906 poenitentia
656 829 891 889 Sacramentalis.
914 831 984 891 Uti-

40 906 983 986 [istandemetiarnessepoteritrecreatiocorporalis,nontamen

40 1006 79 1059 ea,
95 1009 163 1066 que
178 988 316 1065 spiritum
331 1000 475 1067 aggravat
485 1010 540 1068 per
549 1008 702 1050 excessum
712 989 742 1046 in
755 988 823 1047 cibo
830 1001 884 1049 aut
896 1000 981 1067 potu.

78 1068 132 1127 Vl.
148 1069 255 1141 Quoad
268 1069 399 1127 remedia
412 1071 602 1147 particularia
616 1069 775 1131 sumenda
786 1070 925 1129 videntur
936 1090 982 1129 ss·

41 1149 177 1226 quentia:
210 1148 251 1209 1⁰.
267 1150 466 1227 Scrupulosus
479 1152 586 1210 anxius
599 1149 853 1226 cIrcapraeteritas
867 1151 978 1210 confes·

41 1229 142 1299 aiones,
157 1231 275 1297 timens,
303 1249 342 1289 ne
355 1249 425 1289 cum
450 1230 553 1289 debito
577 1231 679 1290 dolore
691 1239 814 1306 peccata
828 1232 985 1290 confessus

41 1309 137 1381 luerit,
152 1320 206 1368 aut
228 1328 268 1367 ne
295 1312 394 1368 omnia
416 1320 537 1388 peccata
559 1328 719 1389 omnesque
746 1310 992 1370 circumstantias·

41 1390 221 1448 sufficientur
234 1391 423 1466 expresserit.
435 1402 570 1470 repetere
584 1410 632 1450 eas
645 1408 706 1449 non
720 1389 820 1461 debet,
844 1392 901 1450 nisi
915 1402 996 1469 post·

41 1470 216 1530 mediocrem
231 1470 418 1546 diligentiam
434 1481 534 1529 certus
547 1482 624 1530 esset
646 1480 802 1549 peccatum
817 1490 880 1530 esse
902 1490 984 1529 rnor-

41 1550 105 1620 :ale,
132 1562 162 1609 et
178 1549 267 1607 simul
283 1562 391 1621 certus,
406 1551 557 1609 illud-non
571 1571 635 1610 esse
659 1550 758 1610 debite
773 1570 834 1608 non
859 1562 984 1629 cuprea·¹

41 1651 101 1687 rum
115 1654 124 1702 ;
141 1631 183 1689 ita
198 1631 281 1708 Sylv.
298 1631 364 1688 Bill.
380 1631 456 1689 Coll.
470 1642 526 1690 etc.
542 1632 618 1690 ratio
630 1643 685 1702 est,
699 1630 991 1709 quodsoropuloauo

41 1730 206 1788 zupponere
230 1711 335 1788 possit,
363 1711 444 1789 qudd
468 1712 604 1790 prudens
627 1710 833 1772 confessarius
860 1722 984 1789 peccata

42 1791 105 1848 atis
119 1790 307 1859 intellexerit,
333 1803 363 1849 et
375 1793 606 1871 interrogaverit
625 1791 775 1871 explicatu
795 1788 984 1863 necessaria3

42 1871 162 1930 nonime
177 1870 244 1929 curn
260 1871 501 1949 scrupulosorum
511 1872 664 1941 memoria,
681 1880 786 1948 utpote
808 1873 936 1948 fatigata
956 1881 986 1929 at

42 1949 200 2022 lebilitata,
212 1971 272 2009 nou
286 1953 411 2010 retineat
428 1972 471 2022 ea,
483 1973 550 2029 quas
565 1953 698 2033 legitime
711 1952 790 2009 facta
803 1962 881 2009 sunt.

77 2034 161 2090 Ante
170 2031 385 2090 consessionem
395 2051 455 2090 non
464 2032 600 2092 instituat
614 2032 764 2111 prolixum
779 2048 903 2090 examen
914 2046 985 2087 con-

42 2111 176 2181 scientiae,
202 2112 254 2171 sed
275 2112 391 2170 tantrlm
413 2112 571 2184 mediocre,
597 2115 621 2171 si
643 2112 754 2172 scilicet
778 2110 817 2169 sit
838 2112 982 2169 timorata

42 2192 245 2251 eonscientiae-r
270 2212 326 2250 nec
348 2193 449 2262 refert,
473 2193 554 2270 quod
567 2194 667 2270 aliqua
686 2193 763 2250 forae
776 2201 899 2270 peccata
912 2189 983 2249 hinc

42 2272 136 2329 >mitti
149 2275 301 2350 continget
309 2295 319 2343 ,·
347 2274 417 2350 quia
432 2292 468 2330 ex
491 2274 639 2331 communi
660 2274 827 2331 Doctorum
841 2290 928 2329 sensu
945 2272 984 2328 ad

43 2353 219 2411 materialem
231 2354 433 2430 integritatem
444 2372 512 2411 cnm
520 2364 603 2412 tenta
612 2352 747 2412 molestia
757 2362 788 2410 et
794 2351 985 2409 incommodo

43 2453 98 2489 ron
112 2444 230 2491 tenetur
242 2457 251 2505 3
263 2454 362 2510 neque
375 2434 463 2503 enim,
478 2434 520 2491 ait
533 2434 638 2503 Collet,
650 2434 786 2492 instituta
800 2431 858 2490 fuit
868 2431 984 2489 confes-

43 2513 494 2582 ;io,uthorniuumconscientias
503 2513 828 2583 discruciet,seduteas
836 2511 982 2571 sublevet.

80 2594 163 2651 Hinc
178 2595 275 2663 etiarn,
301 2595 325 2651 si
349 2594 387 2653 slt
401 2594 546 2651 timoratae
565 2594 762 2662 conscientia,
789 2610 850 2650 non
863 2602 983 2649 tenetur

43 2673 173 2731 confiteri
186 2678 308 2751 peccata
329 2673 421 2733 dubia
443 2674 519 2732 sicut
543 2694 577 2733 ea
600 2675 778 2733 confitentur
807 2670 871 2731 sani
881 2694 890 2742 3
913 2672 984 2748 quia

43 2752 124 2823 aliis,
137 2753 204 2813 crim
228 2754 420 2831 scrupulosus
445 2755 611 2832 suspicetur
635 2754 757 2823 malum,
786 2751 840 2810 ubi
854 2771 917 2809 non
939 2762 984 2810 est

43 2835 146 2891 umbra
159 2835 239 2903 mali,
250 2854 404 2913 nunquam
419 2844 496 2892 esset
506 2835 581 2892 linis.

79 2912 112 2970 Si
122 2915 194 2973 aero
207 2916 353 2973 timoratoe
365 2934 425 2972 non
440 2914 479 2973 sit
486 2916 681 2984 conscientia,
692 2909 913 2992 permittendus
927 2921 982 2980 eat,

43 2994 139 3071 iuquit
154 2994 304 3053 Henricus
324 2995 342 3054 d
364 2996 392 3054 S.
418 2994 545 3071 Ignatio,
569 2995 705 3054 mortalia
725 2992 817 3052 dubia
838 2990 983 3060 confiteri,

43 3074 266 3152 praeteritasque
279 3075 478 3133 confessiones
501 3086 645 3154 repetere,
671 3076 706 3143 si,
726 3078 825 3131 utrirm
848 3071 980 3146 legitime

44 3155 125 3214 lactae
140 3155 208 3223 sint,
220 3156 358 3229 dubitet;
383 3154 440 3213 nisi
453 3166 562 3226 tamen,
576 3168 611 3215 ut
635 3154 729 3225 addit,
754 3172 791 3211 ex
804 3148 855 3209 illa
875 3150 985 3227 repeti-

44 3235 122 3294 tione
136 3236 303 3313 pericnlum
318 3237 356 3294 de
363 3254 442 3293 novo
455 3237 598 3313 peccandi
612 3237 785 3295 incurreret.

79 3316 158 3375 Vll.
173 3315 214 3375 2⁰.
226 3316 434 3375 Dubitationes
445 3316 522 3375 circa
535 3316 636 3382 fidem,
651 3314 833 3393 suspiciones
847 3307 884 3367 de
894 3328 983 3386 prox-

43 3397 112 3465 imo,
134 3398 312 3455 tentationes
324 3395 586 3473 blasphemiarum,
609 3395 803 3473 cogitationes
816 3389 987 3448 inhonestas

44 3486 70 3535 et
85 3476 195 3535 similia
202 3496 369 3555 supponere
382 3486 489 3555 potest,
504 3476 606 3533 saltem
621 3476 646 3533 si
660 3477 698 3535 sit
717 3475 882 3539 timoratus,
891 3469 989 3560 ’fuisse

44 3556 219 3615 Incidentias
245 3557 467 3626 involuntariae,
492 3556 540 3615 vel
565 3556 748 3632 operationes
762 3553 924 3631 phantusne
937 3559 989 3607 aut

44 3638 196 3715 appetitus
220 3637 353 3697 sensitivi
374 3638 437 3695 sine
457 3656 600 3694 consensu
625 3637 728 3696 saltem
748 3632 883 3712 perfecto
895 3629 991 3706 partis

45 3718 213 3786 ntionalr's;
236 3737 307 3776 narn
320 3728 448 3797 propter
461 3716 637 3779 intellectus
649 3715 857 3779 turbationem
867 3728 999 3784 scrupus

45 3812 111 3849 rsus
122 3814 158 3851 ea
166 3794 360 3875 distinguere
373 3818 438 3859 non
459 3800 553 3860 valet.
585 3832 590 3841 ·
948 3806 958 3837 “·
