2160 4072
220 67 524 167 naacrarostnrc.
784 84 849 154 265

43 297 50 313 .
65 252 166 314 Multi>
179 250 278 331 plura,
292 251 379 313 sicuti
396 253 499 332 plures
514 261 585 312 sunt
598 253 655 313 viae
665 250 850 314 declinantes

47 333 153 393 virtuti
167 334 258 403 enim,
270 353 337 412 quse
351 333 383 390 in
397 334 497 393 medio
511 333 657 406 consistit,
672 333 745 393 vitia
757 355 851 414 oppo-

43 435 85 474 ›er
99 418 251 474 excessum
265 427 295 472 et
305 432 359 491 per
373 413 534 474 defectum.

43 516 114 554 ensu
130 494 204 553 dicit
218 495 247 552 S.
267 494 374 552 Thom.
390 507 492 572 quaest
508 502 555 562 71.
567 503 622 553 art.
635 490 754 570 equod
765 512 851 553 omne

43 576 64 634 it
79 586 183 634 contra
195 584 332 632 naturam
347 574 497 635 hominis?

43 657 87 725 lia,
110 655 192 733 quod
206 663 251 713 est
265 666 367 713 contra
391 655 526 713 ordinem
540 655 674 725 rationis,
690 661 736 712 est
749 661 854 713 contra

54 735 192 805 hominis,
206 734 382 812 inquantirm
392 747 436 794 est
446 734 535 794 homo
543 759 553 808 3
565 735 628 817 jam
638 743 736 795 autem
746 733 855 792 vitium

43 837 68 874 ra
81 815 215 875 ordinem
230 816 352 876 rationis
363 839 372 887 ;
388 836 470 894 ergo,
483 826 538 874 etc.

43 897 148 953 raedam
163 907 263 956 tamen
288 895 414 954 luxuriae
428 896 501 955 vitia
521 895 689 975 specialiter
712 895 855 954 dicuntur

43 986 192 1033 ¹naturam
204 979 233 1049 ;''
248 976 319 1054 quia
333 987 403 1035 sunt
417 986 520 1036 contra
533 975 669 1035 ordinem
689 974 855 1035 naturalem

43 1076 101 1114 rore
115 1067 230 1114 naturae
253 1058 464 1135 praescriptum
478 1056 517 1115 ad
530 1055 765 1135 generationem,
777 1066 812 1114 ut
825 1075 855 1113 v.

43 1138 92 1205 sia,
107 1148 137 1195 et
151 1137 192 1194 ita
201 1156 261 1194 non
271 1137 363 1195 solirm
374 1148 444 1197 sunt
457 1147 560 1196 contra
570 1146 706 1194 naturam
717 1135 856 1206 hominis,

58 1227 112 1287 est,
128 1216 179 1275 sed
194 1217 294 1286 etiam,
310 1227 344 1275 ut
357 1218 467 1276 animal
481 1229 535 1277 est.

43 1299 102 1355 ium
113 1298 150 1356 sit
161 1307 262 1356 contra
272 1309 408 1356 naturam
419 1297 559 1369 hominis,
571 1316 665 1376 quare
673 1317 746 1375 ergo
754 1295 857 1375 plures

43 1398 75 1435 ur
89 1378 162 1436 vitia
175 1379 266 1455 quim
281 1378 427 1438 virtutes?

43 1461 65 1517 l.
94 1459 132 1516 1⁰.
157 1458 236 1530 Quia
250 1459 281 1516 in
296 1457 415 1516 homine
428 1467 537 1538 praeter
550 1460 695 1518 rationem
710 1467 756 1516 est
769 1457 858 1517 etiam

46 1539 143 1609 sitiva,
158 1538 205 1597 cui
219 1538 403 1597 conveniunt
424 1539 584 1608 sensibilia,
598 1559 666 1616 quae
679 1538 775 1617 magis
788 1548 858 1605 sunt

43 1618 160 1697 agisque
174 1629 296 1678 movent
305 1639 408 1678 sensus
422 1631 451 1679 et
466 1618 626 1678 delectant.

43 1700 88 1757 uia
109 1700 298 1763 sensibilibus
321 1700 518 1759 assuescimus
532 1703 547 1758 ὲ
562 1701 726 1769 nativitate,
740 1719 801 1759 non
817 1699 859 1761 sic

44 1780 134 1840 nibus
145 1780 302 1840 virtutum.

43 1860 87 1917 uia
102 1871 211 1920 nutura
225 1858 355 1919 hominis
368 1877 422 1934 per
434 1872 590 1939 peccatum
603 1858 747 1939 originale
756 1869 817 1918 trun
828 1858 860 1916 in

43 1940 158 2013 tionali,
173 1943 265 2018 quim
280 1939 430 2012 sensitiva,
455 1941 585 2000 multum
610 1953 655 2000 est
678 1950 818 2018 corrupta
831 1949 861 1997 et

43 2113 105 2160 rxta
121 2102 150 2161 S.
169 2102 274 2161 Thom.
285 2110 340 2158 art.
355 2107 385 2160 2.
405 2098 444 2158 ad
463 2108 490 2159 ³.
506 2101 576 2178 quia
588 2099 678 2171 homo
691 2120 746 2179 per
756 2119 861 2180 opera-

43 2203 163 2241 ensuum
178 2182 317 2261 pervenit
340 2179 379 2238 ad
403 2191 487 2240 actus
511 2182 644 2251 rationis,
665 2181 733 2240 ideo
758 2181 861 2260 plures

43 2283 80 2321 ur
92 2263 313 2323 inclinationem
324 2272 438 2320 naturae
449 2262 608 2334 sensitivae‚
623 2261 714 2342 quim
726 2261 862 2321 ordinem

49 2367 56 2402 :
85 2342 188 2421 plures
203 2346 281 2402 enim
296 2352 376 2411 sunt,
401 2343 453 2419 qui
467 2355 667 2422 assequuntur
679 2341 862 2422 principium

45 2445 71 2481 m
87 2424 139 2502 qui
153 2422 192 2484 ad
206 2423 489 2484 consummationem
502 2424 691 2501 perveniunt

243 2677 464 2754 QUAESTIO
488 2677 536 2740 ΙΙ.

242 2844 299 2903 DE
322 2843 538 2904 PnccATm

297 3007 483 3019 -——.-

43 3109 58 3159 ¹.
100 3099 158 3157 DE
181 3097 317 3156 VARIA
340 3096 614 3158 ACCEPTIONE
638 3095 825 3160 NOMINIS

291 3177 484 3238 PECCATI.

43 3349 121 3400 rlrcm.
145 3340 236 3401 11.1n
251 3339 341 3416 script
362 3337 505 3416 accipitur
514 3337 669 3416 proluatia
678 3355 733 3414 pro
743 3346 868 3413 peccato.

48 3421 110 3480 Pro
136 3440 224 3480 causo
251 3418 372 3497 peccati.
416 3418 471 3476 IV.
498 3418 560 3476 Pro
582 3414 692 3494 ffcctu.
734 3415 772 3474 V.
807 3416 871 3476 Pro

43 3500 192 3578 piscentio,
237 3501 293 3557 vl.
315 3497 448 3576 Proprie.

43 3640 235 3700 iCCATUM
250 3638 414 3719 generatim
426 3637 576 3715 significat
587 3655 811 3717 quemcumque
819 3638 878 3697 sle-

43 3722 112 3790 cita,
129 3721 235 3796 quodel
244 3720 359 3800 regulis
368 3718 441 3779 artis
450 3719 567 3794 deviat,
574 3728 744 3800 peceatum
755 3719 875 3779 merem
885 3737 900 3784 ·,

43 3820 57 3855 u
71 3812 205 3858 monstro
221 3813 372 3863 vocantur
386 3815 520 3884 peccatu
533 3815 672 3866 natum.

54 3877 93 3934 de
110 3879 260 3943 Peccatis.
395 3895 414 3948 2
432 3909 453 3949 Δ
