2160 4072
328 114 373 157 na
397 114 439 156 ss.
466 110 661 157 emmam
924 82 986 156 101

201 262 241 321 a.
263 269 313 329 τε.
354 250 414 320 na
436 244 700 323 nrwurraia
722 232 843 321 arm.

53 451 66 468 ..
84 407 240 467 Probatur
253 403 401 467 nichita
414 403 493 465 Feb&
536 405 580 464 11.
602 404 681 471 Quid
697 402 822 465 extudit
842 424 895 464 voe
907 406 996 467 aclas.

316 485 377 547 ΠΙ.
400 484 550 544 Credenda
558 485 593 543 de
605 482 731 547 Christo.

84 626 238 692 Prona
257 641 360 691 contra
383 618 512 689 Arianos
535 629 672 711 aliosque
694 631 872 701 Haereticoa,
884 630 997 691 Filium

53 733 111 773 ease
125 732 235 771 verum
249 713 359 771 Deum.
670 726 673 731 '

90 794 114 852 1.
141 792 179 852 R.
203 794 349 852 Probatur
370 813 406 851 er
430 802 456 850 1.
477 793 565 854 Joan.
590 812 658 871 caps
682 799 710 853 5.
737 813 767 853 v.
789 801 837 854 20.
879 800 901 828 “
914 793 996 854 Ut...

54 884 72 908 “
85 876 181 933 simus
194 875 227 932 in
240 894 312 932 vero
332 872 409 933 Filio
423 873 498 951 ejus.
540 874 601 933 Hic
615 884 660 933 cst
673 892 763 933 verus
778 874 872 944 Deus,
893 885 923 933 et
937 875 1000 933 vita

55 964 73 989 “
87 957 227 1013 eternu''
268 954 346 1013 Item
358 955 397 1013 ad
411 954 497 1013 Rom.
511 974 574 1034 cap.
590 964 619 1026 9.
634 975 662 1013 v.
678 961 706 1015 5.
721 954 851 1013 dicitura
867 961 887 988 “
898 954 1000 1014 Chris·

57 1044 74 1071 ¹‘
87 1050 270 1114 tus...super
285 1035 385 1093 omnia
400 1034 484 1092 Deus
496 1034 673 1094 benedictus
686 1037 718 1093 in
732 1036 867 1095 saecule

94 1117 242 1174 Probatur
253 1116 342 1175 etiam
354 1114 436 1175 exiis
447 1116 596 1185 omnibus,
606 1116 717 1194 quibus
728 1115 896 1175 ostenditur
902 1115 1000 1176 Filius

58 1216 116 1255 ease
124 1196 260 1275 ejusdem
270 1206 338 1255 c'um
347 1196 434 1255 Patre
444 1196 633 1255 substantiae:
644 1195 841 1274 proquovide
849 1197 939 1257 Num.
949 1196 1000 1259 63.

94 1277 292 1337 Divinitatem
303 1276 413 1337 Christi
421 1276 763 1355 praecipueannantiavit
774 1278 900 1335 Sanctus
911 1277 1001 1339 Joan.

59 1356 86 1413 in
100 1356 267 1435 Evangelio
277 1357 379 1415 dicens
393 1376 457 1435 cap.
474 1364 501 1414 l.
513 1378 542 1416 v.
556 1365 582 1415 1.
597 1366 617 1391 “
627 1358 660 1415 in
673 1355 850 1437 principio,''
861 1356 895 1415 id
910 1370 957 1417 eat
970 1359 1002 1416 in

60 1436 152 1508 Patre,
161 1438 211 1496 vel
219 1438 251 1496 iri
259 1437 408 1517 principio
415 1436 791 1515 temporisetanteomnia“
800 1440 880 1497 erat”
889 1437 1004 1513 scilicet

61 1518 94 1576 hb
106 1530 227 1584 aeterno.
242 1526 262 1552 “
272 1516 433 1585 Verbum‚''
450 1520 557 1594 graece'‚
570 1518 681 1577 “istud
696 1520 859 1588 Verbum,'’
878 1518 1004 1578 unicum

62 1599 168 1658 scilicet
184 1598 335 1679 singulare
346 1618 381 1658 ac
395 1598 529 1657 divinum
534 1620 601 1667 ,seu
608 1600 818 1660 FiliusatPatre
824 1598 1001 1678 procedens:

62 1686 117 1739 “et
141 1680 280 1738 Verbum
305 1690 368 1739 erat
391 1678 473 1757 apud
496 1676 625 1746 Deum?
654 1680 771 1741 Patrem
798 1699 907 1759 nempe
920 1702 930 1740 s
947 1700 1003 1759 per

62 1760 297 1839 {repositionem
312 1761 391 1839 opud
411 1759 605 1839 significatur,
618 1762 701 1839 quod
718 1762 851 1820 Verbum
873 1771 904 1820 et
916 1762 1004 1820 Pater

63 1840 116 1899 sint
127 1840 266 1900 Personae
277 1839 443 1900 distinctae:
469 1847 530 1898 “et
542 1842 625 1900 Deus
639 1853 703 1901 erat
712 1842 875 1913 Verbum,''
888 1840 1003 1935 siguifi-

64 1931 141 1980 catur
155 1922 299 1981 divinitas
315 1922 427 1981 Verbis
448 1941 517 1979 nam
539 1923 708 2001 subjectum
731 1920 943 2001 propositionis
958 1933 1005 1981 eat

65 2000 252 2071 “Verbum‚’'
266 2013 296 2061 et
308 2002 502 2080 praedicatum
518 2009 538 2035 “
550 2002 634 2061 Deus
643 2006 671 2071 ;''
684 2002 728 2063 ita
742 2013 777 2061 ut
787 2000 953 2061 ordinanda
966 2003 1005 2061 eit

64 2081 221 2161 propositio
228 2082 289 2142 boc
301 2082 406 2142 niodo:
422 2090 441 2117 ‘¹
452 2092 482 2141 et
493 2082 628 2141 Verbum
638 2095 701 2142 erat
712 2082 814 2143 Deus:
831 2082 942 2143 Omnia
949 2102 1005 2162 per

67 2162 186 2241 “ipsum
207 2162 287 2222 facta
311 2165 420 2224 aunt:”
444 2173 516 2241 ergo
530 2163 666 2225 Verbum
686 2182 749 2223 non
769 2163 951 2235 esttecum,
974 2175 1005 2223 et

69 2242 185 2321 proinde
198 2254 244 2302 eat
259 2244 352 2303 Deus.

102 2324 174 2404 obj.
202 2320 233 2381 {J
248 2326 335 2385 Joan.
347 2344 411 2403 cap.
427 2330 456 2387 1.
471 2345 499 2383 v.
516 2328 562 2384 15.
578 2326 710 2387 Joannes
728 2326 864 2405 Baptista
883 2322 957 2385 dicit
968 2325 1009 2383 de

72 2402 192 2463 Christo:
210 2405 305 2479 “Qui
318 2412 386 2483 poet
396 2424 443 2463 me
454 2416 599 2465 venturus
610 2416 665 2478 est,
681 2416 750 2465 ante
759 2426 809 2465 me
818 2404 916 2465 sactus
924 2415 970 2464 eet
980 2408 1007 2463 :''

72 2500 132 2561 ergo
143 2484 284 2545 Christus
298 2496 343 2544 est
353 2485 450 2544 factus
465 2507 516 2545 seu
531 2499 656 2547 creatus.

53 2568 55 2633 j
105 2566 138 2625 lt.
150 2566 231 2643 Neg.
245 2586 363 2644 conseq.
379 2586 483 2626 sensus
497 2565 577 2625 enim
591 2578 655 2627 est:
670 2565 745 2625 mihi
759 2566 944 2644 antepositus
953 2584 1007 2626 aen

74 2645 201 2721 prelatus
212 2655 268 2719 est,
282 2646 397 2705 honore
406 2646 518 2706 scilicet
526 2658 556 2707 et
565 2647 721 2725 dignitate,
733 2647 819 2726 cujus
829 2645 1011 2726 prelationis

76 2742 180 2785 musam
195 2727 293 2786 statim
308 2727 424 2787 subdit:
453 2728 553 2807 “quia
573 2730 655 2806 prior
669 2749 718 2787 me
731 2731 821 2799 erat?
838 2726 874 2786 ⁴id
887 2738 941 2799 est,
956 2730 1011 2805 qui

76 2806 228 2867 eternitate
240 2808 333 2887 prior,
347 2807 415 2867 ideo
426 2809 514 2867 etiarn
529 2821 574 2867 est
586 2830 634 2867 me
648 2810 679 2867 di
702 2808 795 2868 nitate
813 2807 1009 2888 praestantior.

108 2888 223 2945 Eodem
248 2888 338 2948 modo
365 2889 532 2967 explicatur
558 2888 637 2949 illud
663 2830 703 2949 affl
731 2888 828 2949 Hebr.
854 2908 879 2948 c.
897 2897 923 2948 1.
937 2909 966 2948 v.
980 2896 1010 2948 4.

80 2972 92 2996 ‘¹
101 2967 193 3026 Tanto
208 2968 315 3029 melior
329 2970 455 3047 Angelis
470 2968 621 3030 effectus'.”

108 3046 177 3127 obj.
195 3049 240 3109 ΙΙ.
265 3050 351 3111 Joan.
374 3070 438 3129 cap.
465 3058 513 3118 17.
539 3071 568 3109 ν.
591 3058 620 3112 3.
641 3050 716 3111 dicit
729 3051 882 3112 Christus:
906 3046 1013 3107 “Haec

81 3126 93 3156 ¹·
105 3142 144 3187 est
153 3132 216 3188 vita
224 3140 345 3201 aeterna,
360 3140 395 3189 ut
409 3142 589 3209 cognoscant
598 3143 639 3205 te,
650 3132 746 3192 solum
759 3134 861 3192 Deum
871 3149 976 3189 verum
985 3133 1014 3187 :’'

82 3224 140 3285 ogo
156 3211 238 3269 solua
256 3213 342 3270 Pater
356 3222 401 3270 est
415 3212 500 3270 Deus
516 3232 614 3273 verus.

53 3306 56 3318 ¹
110 3290 148 3348 ll.
166 3290 201 3350 R.
217 3292 297 3371 Neg.
309 3312 427 3371 conseq.
440 3292 511 3370 quia
524 3303 559 3351 ut
572 3302 655 3352 notat
669 3291 698 3351 S.
715 3293 823 3353 Thom.
838 3298 942 3369 quaest
963 3297 1013 3361 31,

84 3382 122 3453 att.
141 3380 170 3430 4.
185 3372 233 3430 ad.
251 3382 277 3432 1.
301 3393 360 3430 vox
380 3374 524 3442 “solums
545 3393 606 3431 non
620 3370 753 3433 excludit
772 3372 844 3432 alias
860 3373 1015 3443 Personas,

85 3466 133 3521 qne
149 3464 221 3511 sunt
233 3454 313 3511 idem
329 3454 424 3525 Deus,
447 3453 499 3512 sed
519 3456 638 3513 tantum
660 3452 795 3514 excludit
815 3449 945 3510 “aliud''
966 3454 1012 3512 vel

86 3530 258 3606 “alienata''
267 3534 331 3591 sive
341 3534 432 3593 alium
444 3536 543 3594 Deum
552 3558 563 3607 ς
578 3533 659 3594 unde
668 3554 769 3593 sensus
781 3543 843 3593 est:
861 3539 879 3566 ·‘
890 3534 935 3593 Ut
944 3552 1008 3613 cog-¹

87 3614 223 3673 “noscant
235 3626 277 3685 te,
292 3614 344 3692 qui
359 3634 390 3674 es
404 3614 455 3673 ille
469 3616 564 3687 Deus,
578 3614 631 3695 qui
641 3614 723 3675 aolus
736 3616 827 3677 Deus
838 3610 907 3675 cat„¹¹

113 3691 188 3761 Quid
196 3696 292 3771 igitur
301 3694 483 3755 credendum
496 3696 537 3756 de
552 3698 701 3762 Christo?

65 3768 214 3905 Pagala&
243 3770 281 3829 μ’
306 3772 401 3839 Quod
420 3776 462 3837 ⁸st
482 3780 627 3845 secunda
651 3780 876 3849 Sanctissimae
886 3770 1072 3843 Trinitatis

410 3935 441 3994 K
457 3949 481 4001 3
