2160 4072
7 170 16 187 ,
70 110 136 173 328
449 125 648 169 esacrarus

70 272 198 333 hominis
209 271 411 343 voluntatem
437 290 505 329 cum
529 270 572 328 nil
595 290 660 330 eam
675 270 718 330 sic
731 281 856 341 moveat,
873 270 939 330 nisi'

70 352 206 430 seipsam,
219 362 249 411 et
263 354 347 410 Deus
357 361 392 409 ut
404 353 494 409 Num.
510 357 558 420 59.
572 351 761 410 dictumest:
775 351 919 430 nequeita
996 349 1015 405 d

68 451 180 512 ponere
193 442 291 510 potest
304 431 455 509 objectum
469 427 589 507 aliquod
602 429 760 502 voluntati,
788 432 933 510 utipsade
996 432 1015 485 'z

70 512 205 572 cessitate
219 512 250 570 in
264 511 340 569 illud
362 512 497 580 seratum
522 511 593 587 quia
615 509 657 568 nil
672 530 738 569 eam
760 512 803 571 sic
823 521 921 581 movet,
953 511 959 527 ¹
989 509 1015 565 'e

69 593 183 653 bonum
197 591 363 651 universale
386 610 438 649 seu
459 587 526 648 linis
545 590 668 649 ultimus
691 610 730 651 ex
743 590 833 650 dictis
847 593 927 650 Num.
946 598 968 652 11

71 672 150 730 Vide
165 673 193 730 S.
211 671 317 729 Thom.
331 680 386 729 art.
404 680 474 729 het
492 677 519 729 3.
997 669 1005 689 ’

110 751 154 811 ΙΙ.
182 750 329 809 lndirecte
343 760 441 809 tamen
456 759 552 826 potest
566 749 701 809 diabolus
715 750 830 809 homini
850 770 906 809 esse
998 750 1005 759 '

69 830 194 910 peccati,
207 830 303 907 primd
317 829 442 888 interius
455 829 632 906 instigando,
647 849 700 889 seu
713 831 864 909 operando
876 831 976 908 quad·

70 909 265 988 inphantasia
276 909 324 967 vel
337 909 368 966 in
388 910 522 988 appetitu
537 909 685 981 sensitivo,
710 930 741 968 v.-
754 931 783 988 g.
796 911 929 988 quasdam
1001 910 1008 919 '

70 1011 133 1049 mas
143 990 176 1049 in
188 988 399 1065 imaginatione
409 988 611 1066 producendo,
621 990 920 1071 passioneslibidinis,
940 990 945 1004 '
1000 990 1005 999 '

72 1079 129 1130 etc.
143 1070 175 1127 in
191 1069 326 1146 appetitu
342 1069 481 1128 sensitiva
505 1068 661 1128 excitando
675 1071 807 1149 spiritus,
834 1080 864 1128 et
874 1070 937 1129 hum
996 1131 997 1135 ,

72 1148 293 1218 commovendo,
309 1159 364 1207 etc.

112 1229 153 1290 2⁰.
166 1228 363 1307 Proponendo
376 1229 527 1306 objectum
538 1229 660 1305 aliquod
674 1240 708 1289 ut
722 1249 823 1298 suave,
847 1229 948 1309 jucund
1013 1248 1015 1271 ³

72 1320 124 1370 aut
133 1322 251 1387 gratum
262 1309 406 1378 sensibus,
417 1322 447 1367 et
461 1308 614 1368 suadendo
630 1310 737 1368 rationi
751 1319 786 1369 ut
802 1309 876 1369 illud
885 1330 942 1388 amp

112 1469 428 1533 Anomniahominum
438 1468 979 1548 peccatasuntexsuggestionediabulil
1013 1488 1015 1497 ·

114 1551 176 1609 ΙΙΙ.
193 1549 226 1607 R.
242 1552 318 1608 Cum
331 1549 359 1608 S.
379 1550 487 1608 Thom.
502 1562 555 1609 art.
571 1559 598 1609 4.
613 1550 765 1610 diabolum
790 1570 851 1609 non
863 1571 922 1610 esse
934 1564 984 1609 can*

73 1650 136 1691 sam
146 1631 278 1688 omnium
288 1640 487 1705 peccatorum,
511 1630 595 1707 quasi
608 1630 726 1709 singula
740 1650 777 1689 ex
790 1631 855 1708 ejus
867 1626 981 1707 instigat·
1013 1627 1015 1631 ’

73 1731 130 1770 one
155 1709 365 1787 provenirent;
387 1710 457 1787 quia
470 1710 606 1769 voluntas
626 1711 756 1770 humana
779 1711 836 1770 sibi
850 1711 945 1770 sufficit
957 1704 989 1767 td

74 1788 278 1870 peccandum:
307 1788 367 1847 dici
380 1799 478 1848 tamen
492 1810 578 1868 posse
592 1791 723 1849 omnium
735 1811 854 1850 causam
873 1788 988 1851 indircttl

72 1881 102 1932 et
119 1868 351 1938 occasionaliter,
375 1874 522 1947 quatenns
544 1889 652 1947 nempe
673 1869 794 1929 induxit
816 1867 988 1931 Adamumin

73 1959 238 2031 peccatum,
263 1968 299 2007 ex
314 1969 374 2027 qno
387 1949 490 2009 vitiata
502 1960 547 2008 est
558 1961 664 2008 natura
677 1950 815 2021 hnmana,
837 1962 866 2010 et
879 1950 915 2009 ad
926 1964 990 2009 omne
1013 1948 1015 1955 ’

73 2051 168 2110 genus
178 2040 367 2107 peccatorum
380 2029 460 2088 facta
468 2031 619 2107 proclivis.

215 2191 252 2246 N.
271 2197 338 2251 131.
382 2192 440 2250 DE
465 2192 667 2250 PECCATIS
687 2192 876 2252 ALIENIS.

78 2352 106 2410 Ι.
128 2350 249 2407 Peccata
264 2351 357 2408 alima
412 2352 454 2410 ll.
479 2349 690 2408 Contraduntur
711 2370 803 2408 nortem
819 2351 913 2409 modis.
950 2347 1015 2408 lll·'

112 2428 254 2488 Inductus
273 2428 392 2507 positive?
406 2430 491 2488 alium
515 2429 545 2487 in
562 2437 708 2506 peccatum
728 2431 874 2489 committit
888 2431 940 2488 duo
947 2447 996 2508 pcc·

114 2519 187 2568 octo.

113 2669 138 2727 1.
154 2671 328 2731 DUOBUS
353 2669 448 2728 modis
471 2670 561 2727 homo
581 2669 694 2728 homini
716 2678 816 2747 potest
840 2690 903 2728 esse
930 2686 1000 2728 caua

74 2751 198 2828 peccati,
233 2770 340 2827 nempe
354 2768 408 2824 per
432 2750 577 2808 carnalem
592 2749 846 2826 propagationem,
869 2746 1003 2827 quomodo

72 2843 252 2908 propagatur
265 2841 420 2908 peccatum
435 2831 578 2907 originale
591 2830 629 2887 de
644 2851 704 2906 quo
718 2831 835 2888 statim:
850 2841 881 2888 et
899 2848 1001 2906 persus·

75 2910 183 2979 dendo,
198 2910 395 2988 suggerendo,
419 2919 471 2967 aut
485 2911 591 2986 quovis
612 2909 702 2968 modo
720 2910 917 2986 proponendo
930 2904 1001 2968 alicui

73 3000 228 3069 peccatum
242 2990 444 3048 occasionesve
458 2990 590 3066 peccati;
617 3000 737 3065 peccata
761 2992 841 3060 vern,
863 3010 931 3068 quae
944 2989 1004 3048 alter

75 3072 117 3129 sic
129 3071 292 3138 committit,
322 3069 462 3127 dicuntur
476 3080 597 3146 peccata
612 3068 706 3128 aliena
716 3084 853 3146 respectu
868 3068 1004 3130 suadentis

75 3170 126 3209 seu
139 3151 310 3210 inducentis
322 3172 329 3218 ;
345 3150 414 3226 quia
426 3160 495 3208 sunt
508 3149 657 3207 moraliter
669 3151 734 3228 ejus
747 3160 880 3227 peccata,
902 3152 965 3208 clim
976 3147 1005 3206 sit

76 3252 178 3290 eorum
207 3251 302 3290 cansa.

118 3313 223 3390 ltaque
247 3320 367 3388 peccata
387 3308 482 3367 aliena
501 3309 651 3377 dicuntur,
678 3329 745 3385 quae
764 3309 887 3387 quidem
903 3311 940 3369 ab
954 3307 1006 3366 aliis

77 3393 312 3461 committuntur,
334 3389 385 3448 sed
406 3390 491 3447 nobis
517 3400 549 3446 ut
577 3389 760 3459 authoribus,
782 3410 905 3469 quoquo
931 3387 1007 3446 modo

77 3471 273 3550 adjutoribnS,
287 3482 339 3528 aut
364 3470 463 3528 saltem
486 3489 546 3527 non
567 3469 799 3546 impedientibus
822 3471 1006 3546 imputantur.

78 3554 126 3611 De
140 3551 186 3609 his
200 3554 262 3628 agit
287 3553 393 3627 Apost.
411 3560 436 3608 1.
460 3549 499 3607 ad
521 3550 628 3607 Timot.
653 3570 719 3625 cap.
739 3558 766 3610 5.
780 3570 808 3609 v.
824 3559 873 3610 22.
898 3551 1009 3609 dicens:

81 3639 101 3666 “
116 3633 162 3689 Ne
176 3629 436 3690 communicaveris
445 3630 574 3707 peccatis
583 3630 713 3687 alienis'’

116 3710 199 3785 Quot
209 3710 308 3771 modis
319 3721 443 3791 peccata
452 3709 643 3768 alienationis
650 3709 857 3784 imputantur?

110 3792 156 3854 ΙΙ,
167 3795 204 3857 R.
234 3796 369 3869 Novem,
394 3792 449 3874 qui
464 3789 676 3871 exprimuntur
684 3785 741 3843 nis
748 3787 869 3842 duobus
876 3791 1015 3843 termium*
