2160 4072
424 10 480 145 ba
504 100 582 146 nuo.
958 87 1001 154 15

54 245 92 306 N.
121 253 169 305 10.
207 246 269 306 DE
291 246 627 309 PRAEDICATIONE
650 246 906 310 DIVINORUM
927 253 1001 313 AT.

93 340 401 420 memorium,
428 347 511 410 SEU
533 350 591 410 DE
614 348 744 411 MODO
767 348 1001 425 LOQUENDI

93 449 144 509 IN
165 446 351 509 D1V1NIS.

257 629 283 686 Ι.
306 627 435 694 Quotuor
447 629 554 705 regulae
564 628 806 707 predicationum.

94 807 344 869 PRAENOTAN
351 807 445 869 DUM
461 809 568 886 primo,
581 807 817 887 propositionem
831 807 892 866 dici
902 828 1004 868 veram

56 885 87 944 in
115 907 209 946 sensu
237 889 364 959 formali,
399 889 520 967 quando
547 900 661 948 attento
688 888 778 947 modo
806 889 1004 966 significandi,

56 968 257 1047 predicatum
277 969 418 1030 convenit
441 971 577 1049 subjecto
588 994 598 1042 ;
621 989 722 1028 veram
735 980 835 1027 autem
858 969 891 1028 in
915 989 1006 1030 sensu

55 1048 215 1120 materiali,
229 1068 283 1108 seu
296 1048 436 1120 identico,
448 1050 568 1127 quando
578 1051 756 1126 importatur
765 1048 906 1108 identitas
915 1048 1006 1110 reslis

56 1124 136 1187 inter
152 1128 235 1208 ipsos
252 1130 403 1189 terminos.
436 1130 478 1189 2⁰·
493 1129 583 1201 Quod
598 1130 656 1189 alia
670 1131 709 1188 sit
722 1149 781 1188 vox
808 1136 828 1164 “
838 1133 1005 1203 concreta,”
1027 1177 1032 1187 .

58 1226 127 1285 quse
150 1228 215 1268 rem
238 1210 287 1268 vel
301 1210 468 1289 subjectum
494 1209 642 1284 significat
665 1230 734 1271 cum
758 1230 811 1268 sua
834 1211 930 1270 forma
954 1211 1004 1271 vel

58 1286 143 1378 quasi
156 1291 275 1361 forma3
296 1300 330 1349 ut
344 1311 373 1350 v.
386 1310 428 1368 g3
443 1311 500 1349 vox
524 1299 545 1327 “
554 1291 670 1363 albus,”
683 1310 748 1368 quae
762 1291 911 1368 significat
923 1291 1006 1351 sibe-

59 1366 159 1428 dmem
173 1380 211 1429 ut
223 1371 367 1430 formam:
401 1383 431 1430 et
442 1390 490 1430 res
504 1371 586 1431 albas
600 1383 635 1431 ut
650 1371 819 1450 subjectum
832 1371 891 1430 ists
905 1372 1004 1431 forms

58 1446 229 1523 imbutum
245 1463 275 1510 et
284 1452 342 1510 alia
352 1452 390 1510 sit
404 1471 462 1510 vox
475 1459 496 1486 “
507 1454 682 1523 abstracta‚''
697 1471 764 1529 quae
773 1451 865 1509 solam
873 1452 1020 1521 formam,

58 1528 107 1586 rel
131 1530 218 1609 quasi
243 1531 368 1590 formam
382 1532 539 1610 significat,
560 1542 596 1591 ut
619 1540 641 1568 “
648 1532 766 1601 albedo,
778 1531 905 1611 justitie,
926 1533 1002 1592 etc.''

59 1606 106 1667 his
118 1610 232 1670 notatis
247 1621 405 1689 soquentes
421 1613 535 1692 regulae
549 1613 640 1673 statui
653 1622 790 1692 possunt.

99 1688 125 1746 1.
150 1690 268 1764 Prima3
289 1693 506 1770 propositiones
530 1705 600 1752 sunt
622 1712 700 1753 verae
724 1693 757 1750 in
771 1712 861 1751 sensu
874 1691 1003 1765 fonnali,

60 1769 90 1826 in
103 1772 216 1847 quibus
230 1773 351 1831 nomina
364 1785 503 1832 concreta
516 1783 577 1833 tam
591 1774 748 1854 adjectiva,
763 1771 852 1851 qtiam
867 1774 1005 1832 substan·

60 1848 121 1909 tiva
142 1852 348 1930 praedicantur
371 1852 410 1911 de
431 1853 577 1913 concretis
597 1852 802 1921 substantivis,
829 1873 860 1912 v.
874 1873 904 1931 g.
920 1854 1006 1913 Deus

61 1940 104 1989 est
112 1931 227 2010 justus,
249 1934 334 1994 Deus
344 1944 390 1993 est
404 1935 542 2014 Spiritus,
564 1944 620 1995 etc.

98 2011 255 2073 Secunda:
276 2012 350 2072 dum
372 2013 410 2073 de
432 2015 578 2075 concretis
592 2013 785 2076 substantivis
795 2011 999 2090 predicantur

62 2092 206 2152 attributa
225 2093 258 2150 in
272 2095 430 2164 abstracto,
449 2096 666 2175 propositiones
680 2095 825 2154 ordinaris
840 2103 913 2152 sunt
926 2114 1006 2154 verae

60 2170 91 2230 in
111 2192 204 2233 sensu
226 2173 358 2233 identico
379 2194 432 2234 seu
455 2175 611 2249 materiali,
630 2196 660 2236 v.
675 2197 706 2257 g.
720 2177 807 2236 Deus
820 2184 866 2233 est
875 2173 1004 2252 justitia,

63 2252 146 2313 Deus
160 2264 208 2313 est
221 2255 376 2333 sapientia,
397 2265 453 2315 etc.
669 2258 672 2263 ’

98 2333 225 2395 Tertiae
242 2335 315 2394 dum
329 2335 367 2394 de
380 2336 535 2397 abstractis
541 2338 744 2417 praedicantur
761 2344 908 2407 concreta,
922 2354 1004 2394 com-

61 2414 191 2475 muniter
198 2415 415 2495 propositiones
425 2427 496 2477 sunt
505 2417 621 2478 tantum
633 2438 712 2478 verae
720 2419 753 2477 in
764 2434 852 2477 sensu
862 2415 1006 2494 identico,

62 2512 89 2552 r.
101 2514 131 2573 g.
147 2495 297 2574 sapientia
310 2496 369 2556 Dei
383 2508 428 2556 est
442 2496 535 2557 Deus.

98 2575 233 2649 Quarta:
258 2576 329 2634 dum
351 2578 389 2636 dc
402 2579 556 2638 abstractis
569 2581 770 2658 predicantur
782 2578 932 2637 abstracta
940 2594 1001 2645 ‚seu

63 2656 204 2715 attributa
229 2658 349 2734 proprie
370 2656 451 2716 dicta
471 2658 503 2716 in
528 2660 686 2729 abstracto,
707 2656 927 2738 propositiones
944 2657 1005 2718 illae

63 2734 175 2795 tannim
191 2747 262 2795 sunt
272 2756 351 2795 verae
362 2737 394 2794 in
406 2757 493 2797 sensu
504 2740 644 2810 identico,
656 2740 759 2798 nonin
775 2756 863 2798 sensu
877 2730 1006 2797 formali.

100 2816 249 2886 Observa,
280 2817 364 2894 quod
386 2818 604 2897 propositiones
627 2818 853 2898 reduplicativae
875 2818 1008 2879 habeant

65 2914 180 2955 serrsum
202 2897 375 2956 formalem:
404 2898 477 2959 hinc
495 2899 578 2960 falsae
603 2910 674 2960 sunt
697 2901 745 2959 hae
768 2898 1006 2978 propositiones:

64 2981 82 3009 ‘⁸
95 2976 182 3082 l)„eus
196 2975 343 3057 qnatenus
352 2978 531 3052 misericors,
542 2991 586 3040 est
596 2981 724 3061 sapiens,
737 2978 891 3058 intelligit,
906 2979 1007 3059 punit,

101 3136 245 3197 Similiter
257 3158 319 3196 non
332 3142 411 3198 recte
426 3139 552 3201 diciturs
568 3148 587 3176 “
597 3141 800 3201 misericordia
807 3139 906 3220 punit,
922 3140 1008 3200 Deus

67 3218 223 3297 “vultper
236 3218 433 3291 intellectum,
458 3224 531 3281 etc.”
560 3221 607 3280 bae
620 3223 698 3281 enim
712 3220 932 3301 propositiones
945 3220 1007 3279 no'n
1046 3294 1051 3303 ἢ

67 3309 187 3432 possum
212 3300 292 3358 sumi
313 3298 345 3357 in
370 3318 459 3359 sensu
483 3301 624 3372 identieo,
649 3303 700 3362 sed
724 3300 840 3361 tannim
861 3302 893 3359 in
918 3319 1008 3360 sensu

79 3378 192 3451 ormsli3
213 3380 308 3459 idque
326 3379 407 3452 ideo,
426 3382 507 3460 qubd
527 3383 721 3462 praedicatum
750 3402 852 3442 earum
866 3379 1005 3457 designet

71 3466 158 3518 amam
173 3460 308 3531 vitalem,
322 3460 426 3539 sicque
445 3462 556 3523 habeat
568 3464 630 3522 vim
644 3463 902 3542 reduplicativam.

104 3538 148 3598 Ex
156 3540 247 3602 dictis
257 3550 353 3621 patet,
362 3542 503 3602 vitiosum
513 3562 576 3602 esse
584 3543 642 3603 hoc
649 3553 875 3621 argumentum:
887 3542 1001 3602 “Deus

74 3617 233 3764 '‘intelil'pit
244 3640 303 3703 per
316 3621 499 3682 intellectum
512 3647 520 3683 ε
536 3624 619 3702 atqui
630 3623 798 3683 intellectus
813 3620 843 3683 et
857 3622 1001 3683 voluntus

77 3701 176 3761 “mnt‘
198 3703 293 3789 emin
300 3702 381 3769 Deo:
391 3722 463 3783 ergo
472 3706 558 3765 Deus
566 3704 713 3789 intelligit
721 3724 779 3791 per
786 3704 1011 3769 voiuntatem?

494 3860 606 3929 Μ’
