2160 4072
41 21 392 41 *W*
408 22 414 25 -

253 109 299 154 nn
315 110 459 155 scurrus
473 110 643 156 nouorum.
855 72 919 155 14'5

41 277 76 314 un
91 255 231 327 hominis,
243 265 380 314 etuctum
389 255 564 324 humanum,
575 255 640 313 clim
650 254 780 313 adhunc
790 255 922 332 requira-

44 336 219 395 ‹leliberutio
232 335 363 406 rationis,
377 355 437 394 nou
450 337 489 395 ad
503 335 598 394 illum.

41 437 66 476 rn
81 416 161 475 idem
176 426 249 475 sunt
257 416 507 486 acurshumanur,
518 425 549 476 et
558 425 642 476 ectus
654 415 784 474 hominis
797 415 923 495 inquan-

55 509 99 555 est
113 498 225 557 homo?
869 557 873 563 .
990 497 998 513 ⁰

41 586 55 636 '.·
78 578 111 635 Si
135 577 230 636 verba
256 585 276 611 “
290 577 468 654 inquantum
493 585 540 635 est
552 575 643 634 homo
651 578 667 600 '¹
694 587 850 635 sumantur
864 575 921 637 hoc

41 679 74 726 ru,
91 659 306 735 “inquantum
324 655 441 734 judicio
463 656 587 716 rationis
609 659 725 725 utens,”
739 657 818 715 idem
834 669 920 716 sunt:

41 742 82 796 ero
99 747 257 796 sumantur
270 737 326 796 hoc
340 756 438 806 sensu,
467 743 488 771 “
501 736 676 815 inquantum
692 747 775 796 actus
788 736 924 814 procedit

41 818 176 896 potentii
189 817 303 876 homini
316 818 467 895 proprit,'’
479 837 539 875 non
554 831 624 876 sunt
634 817 712 875 idern
722 841 732 888 ,-
754 818 830 875 risus
844 818 923 876 enim

41 900 197 957 {liberatus
209 898 345 976 procedit
358 899 373 955 ὲ
389 898 522 975 potentii
536 898 649 956 homini
664 898 794 975 proprii,
810 918 865 958 nec
879 909 923 956 tn·

55 991 102 1036 est
116 991 203 1037 actus
214 978 377 1036 humanus:
402 979 494 1055 priori
521 984 620 1036 tamen
649 997 736 1036 sensu
762 980 853 1036 verba
874 979 925 1037 illu

45 1071 141 1118 untur
156 1058 173 1116 i
190 1059 219 1117 S.
250 1057 357 1116 Thom.
382 1056 431 1116 hic
456 1060 487 1116 in
516 1056 600 1136 Corp.
627 1070 657 1116 et
678 1058 759 1136 apud
775 1059 924 1120 Autlrorer

41 1142 192 1197 munitet.

41 1242 67 1279 „n
78 1231 168 1278 actus
182 1218 348 1286 necessarii,
362 1218 466 1296 quales
477 1228 547 1277 sunt
560 1239 642 1276 amor
655 1219 810 1277 beatificus
830 1230 860 1279 et
873 1241 925 1299 ap-

41 1313 91 1359 tus
106 1300 181 1357 boni
194 1299 224 1356 in
239 1301 401 1366 communi,
417 1309 488 1357 sunt
501 1299 645 1358 humani?

41 1383 74 1437 V.
94 1383 132 1438 ll.
151 1379 315 1456 Sylviuset
328 1380 377 1437 olii
400 1379 520 1456 quidam
536 1390 657 1456 negant,
679 1379 864 1457 requirentes
890 1379 927 1436 ad

44 1482 77 1518 m
101 1461 268 1517 humanum
291 1459 532 1518 deliberationem
557 1460 690 1526 liberum,
705 1461 814 1537 quibus
830 1459 928 1517 lavere

41 1553 102 1600 etur
129 1543 161 1598 S.
177 1540 283 1597 Thom.
299 1540 351 1616 qui
365 1539 414 1598 hic
428 1540 460 1597 in
481 1540 565 1618 Corp.
580 1541 622 1598 ait
641 1551 741 1598 actum
765 1540 929 1609 humanum

55 1623 159 1689 illum,
177 1628 197 1653 “
208 1621 293 1698 cujus
304 1620 393 1677 homo
407 1632 451 1678 est
465 1621 628 1689 dominus‚’'
642 1632 673 1679 et
691 1629 713 1677 l.
728 1632 813 1698 purte
824 1631 929 1695 quaest.

41 1714 96 1760 ert.
115 1710 143 1763 1,
159 1701 197 1758 ad
212 1709 239 1760 3.
266 1701 407 1760 “Sumus
421 1701 715 1759 domininostrorum
738 1714 870 1769 actuum,
885 1720 931 1759 se·

41 1782 158 1840 indum
176 1783 255 1857 quod
265 1800 422 1857 possumus
444 1782 501 1839 hoc
522 1782 570 1839 vel
584 1781 659 1840 illud
680 1781 790 1859 eligere
798 1784 826 1852 ;''
851 1779 931 1839 unde

41 1864 138 1921 etitus
154 1862 249 1926 ultimi
264 1860 330 1918 finis
343 1880 403 1918 non
424 1873 469 1920 est
482 1861 520 1919 de
534 1861 589 1932 his,
612 1883 738 1938 quorum
755 1860 867 1918 domini
882 1882 932 1919 su-

41 1966 48 2002 r
57 1966 68 2012 ;
93 1934 203 2000 similia
217 1941 306 1999 habet
321 1941 349 1999 S.
366 1942 480 2000 Doctor
495 1952 504 2000 l
531 1951 560 2001 2.
573 1953 677 2020 quaest.
700 1952 728 2011 9.
743 1948 796 2000 ar‘t.
810 1940 838 2000 6.
855 1941 894 1998 ad
904 1949 932 1998 Ξ.

41 2023 165 2082 nittunt
186 2033 292 2080 tamen·
311 2021 402 2100 hujus
427 2023 578 2080 sententiis
601 2022 731 2100 patroni,
755 2035 840 2080 actus
864 2020 932 2096 illos

41 2103 87 2162 »ad
101 2103 297 2160 substantiam
309 2122 372 2161 esse
386 2103 540 2161 humanos.

41 2185 152 2242 lectius
176 2194 285 2251 tumen,
310 2193 340 2241 et
354 2182 518 2241 definitioni
542 2204 632 2261 supra
659 2183 735 2242 datae
750 2180 932 2242 conformius

41 2275 109 2322 etur
124 2262 185 2321 dici
199 2283 266 2321 cum
278 2263 427 2339 Wiggers,
445 2265 570 2334 Nemeo,
595 2276 650 2322 etc.
670 2276 752 2322 actus
765 2264 831 2322 illos
846 2264 934 2322 etiarn

41 2345 90 2402 rad
102 2343 226 2401 modum
239 2362 290 2402 seu
305 2343 469 2402 formaliter
483 2364 546 2402 esse
559 2345 705 2402 humanos
718 2367 725 2409 ς
748 2347 816 2404 cirrn
828 2363 933 2422 proce-

41 2427 88 2483 rti
101 2423 258 2482 voluntate
271 2423 486 2502 perfectissimo
498 2426 620 2483 rationis
627 2425 744 2503 judicio
757 2425 880 2483 directo.

41 2505 69 2562 l'.
85 2508 232 2564 Censetur
255 2502 343 2562 etiarn
358 2504 448 2562 homo
460 2504 567 2563 horum
581 2517 699 2564 actuum
714 2504 853 2564 dominus
876 2503 934 2563 hoc

41 2605 66 2656 o,
79 2585 163 2663 qnod
178 2603 213 2642 ex
221 2585 338 2662 judicio
351 2586 473 2644 rationis
487 2605 542 2663 per
555 2585 737 2644 voluntatem
751 2583 915 2662 procedunt
923 2608 932 2655 ;

44 2676 79 2724 ut
88 2686 143 2744 per
157 2665 233 2722 illud
244 2665 408 2723 dominium
422 2668 535 2724 tantum
550 2665 755 2725 excludantur·
767 2666 805 2723 ab
818 2664 934 2724 actibus

41 2746 131 2804 manis
144 2757 228 2803 actus
239 2746 436 2805 indeliberati.

41 2826 190 2896 Ceterum,
218 2846 255 2882 an
284 2825 338 2884 soli
366 2837 450 2885 actus
473 2826 571 2896 liberi,
592 2847 630 2885 an
644 2829 714 2886 verd
728 2847 831 2886 omnes
845 2825 934 2886 etiam

41 2908 151 2965 :cesarii
166 2906 184 2964 zi
198 2906 349 2965 voluntate
356 2907 473 2985 judicio
480 2907 603 2967 rationis
616 2907 731 2966 directi
743 2907 935 2986 profluentes,

41 2987 113 3045 tendi
129 2989 188 3045 sint
201 2986 333 3057 humani,
349 2989 474 3065 quaestio
488 2988 526 3046 de
536 2990 656 3047 nomine
670 2999 724 3050 est.

41 3066 196 3139 Quomodo
206 3066 351 3126 dividitur
361 3079 444 3127 actus
458 3069 627 3130 humanus?

41 3147 91 3206 vl.
107 3151 143 3206 ll„
161 3147 200 3206 1⁰.
217 3148 254 3205 ln
283 3155 303 3181 “
313 3148 473 3207 elicitum.''
497 3150 549 3226 qui
573 3149 742 3208 immediate
755 3150 793 3208 ab
807 3147 938 3206 hominis

40 3227 150 3286 luntate
173 3227 318 3305 procedit,
340 3241 369 3286 et
397 3231 634 3308 “imperatum''
650 3231 702 3307 qui
730 3230 779 3288 vel
804 3225 939 3307 procedit

41 3309 164 3367 mediate
180 3309 218 3366 ab
228 3308 294 3386 ipst
308 3309 470 3390 voluntate,
492 3300 596 3368 seder
610 3309 736 3388 imperio
745 3307 940 3388 precedentis

41 3387 170 3460 luntatis,
185 3387 234 3447 vel
243 3389 378 3466 procedit
388 3391 557 3450 immediate
568 3392 605 3451 ab
617 3391 676 3450 alis
683 3389 833 3469 potentii,
839 3407 876 3446 ex
884 3387 940 3446 im-

41 3469 82 3529 rio
95 3469 267 3528 voluntatis.

41 3553 78 3608 2⁰.
94 3551 132 3609 In
143 3551 296 3617 “bonum
307 3561 338 3609 et
348 3550 486 3610 malum.'’
530 3554 630 3611 Bonus
644 3551 692 3610 vel
702 3562 747 3609 est
761 3557 782 3585 “
790 3547 942 3614 naturalis,

41 3629 139 3690 isolus
146 3642 262 3689 uaturae
274 3631 388 3690 viribus
398 3632 586 3709 producitur,
596 3631 645 3691 vel
654 3641 674 3668 “
682 3628 944 3712 superruturalisl

50 3731 137 3788 quem
152 3711 316 3787 requiritur
325 3715 433 3789 gratia.

41 3794 68 3846 9¹!
85 3791 123 3846 Iu
141 3796 335 3860 “externum',
352 3803 382 3850 et
394 3793 586 3856 internum.''

41 3865 118 3922 lael.
132 3865 169 3922 de
177 3867 298 3924 Actibus
307 3869 443 3934 Human.
552 3904 573 3942 0
604 3867 605 3871 ¹
