2160 4072
78 114 145 179 384
454 125 658 172 'raaorarm

121 276 321 353 Quandomm
332 282 470 335 oenaetur
488 272 556 351 quia
568 272 705 352 attigisse
723 271 922 335 roffitrientem
938 292 1002 333 unu

82 355 471 435 rationiaadpeooandum?
996 370 1000 379 ·

124 440 160 499 R.
172 436 304 511 Quando
315 436 453 515 pervenit
471 433 510 493 ad
522 454 589 493 eam
600 444 721 503 atatirm,
736 444 775 493 ut
787 433 956 494 faculatem
969 433 1007 495 lta·

82 523 154 581 beat
166 518 334 596 expeditam
347 514 387 573 ad
400 514 630 574 diaoemendom
642 514 722 573 inter
734 515 855 573 bonum
872 526 904 573 et
919 514 1008 573 malm

83 600 204 669 morale,
217 599 295 657 iuter
308 598 350 666 id,
364 595 448 674 quod
467 595 553 655 decet
573 604 605 653 et
627 593 756 654 dedecet
778 594 950 654 hominem:
966 614 1011 673 qua

83 692 184 741 autem
204 690 339 756 tempore
358 676 416 735 hoo
439 676 501 745 fiat,
523 695 584 734 non
605 685 703 753 potest
723 678 809 733 certo
832 675 1010 743 determinat

83 761 269 837 multhmque
289 756 422 835 pendent
445 758 484 814 ab
505 755 619 835 ingenii
632 766 663 814 et
675 755 869 815 educationis
882 756 1010 835 qualitm,

81 841 207 919 aliisque
217 836 344 897 indieiia
365 841 415 897 An
425 837 560 907 sufficiat,
571 835 652 914 quod
658 837 747 913 pueri
757 836 893 895 latebras
902 846 1012 915 quartat

82 921 122 981 ad
134 919 244 979 malum
258 917 503 995 perpetrandum,
513 917 593 994 quod
603 918 792 986 erubescant,
802 917 881 975 dum
889 917 1013 993 detegun-

84 1012 143 1070 tur,
157 1018 218 1057 non
231 999 273 1057 ita
284 997 400 1077 liquet;
420 1000 488 1057 otim
502 997 590 1075 pueri
609 1009 678 1054 ante
695 1016 784 1055 uaum
797 998 936 1069 rationis,
954 996 1014 1055 aiol

84 1079 206 1159 aliquod
215 1078 328 1137 malum
341 1077 534 1138 commissum
548 1077 766 1156 vapulaverint,
778 1078 820 1135 ab
843 1098 882 1136 eo
895 1077 1015 1153 deincep

84 1161 183 1241 palam
197 1158 334 1218 iaciendo
347 1158 525 1228 abstineant,
549 1156 639 1217 sicuti
665 1178 694 1215 v.
717 1177 749 1234 g.
770 1176 865 1216 canes
878 1159 1015 1217 verbnm

84 1252 169 1381 xipepu
177 1237 409 1379 ἕαίαωὸἔαοοιῖ
431 1256 493 1377 {tn
513 1237 636 1377 audepp.
643 1237 898 1377 Pquodtetglgssculo
911 1238 1014 1297 iaciunt

113 1342 124 1379 1
146 1342 163 1379 e
208 1340 270 1382 um.
325 1360 333 1377 .
355 1326 375 1353 “
406 1339 423 1378 e
476 1337 596 1377 eramen
666 1337 727 1376 oem

86 1481 125 1541 tt.
143 1491 209 1549 172.
251 1479 310 1539 DE
331 1479 552 1539 PRECEPTO
567 1480 616 1539 SE
636 1478 957 1538 coquRTENm
970 1476 1015 1537 ΔΙ)

7 1588 10 1593 ·
127 1561 254 1621 DEUM
270 1559 406 1619 PRIMO
422 1559 629 1618 INSTANTI
647 1557 755 1618 USUS
771 1558 987 1619 amoma

90 1720 114 1777 1.
132 1717 272 1800 Obligolio
291 1739 321 1776 te
347 1717 524 1776 convertendi
545 1715 587 1775 od
605 1715 699 1775 Deum
718 1715 815 1794 primo
840 1716 957 1777 irutuuti
968 1712 1018 1775 uait

127 1799 252 1857 rationis.
296 1798 339 1858 ll.
356 1795 466 1854 Divino
488 1806 516 1855 et
540 1794 691 1858 amurcali-t.
733 1796 797 1856 lll.
823 1796 941 1877 Obligat
953 1795 1018 1855 etita

124 1876 325 1956 baptizatam
346 1873 478 1950 iffanlio.
521 1876 574 1933 lV.
598 1875 720 1940 Quinam
732 1886 952 1951 presumuntur
969 1873 1020 1932 luit

130 1968 272 2039 praecepto
284 1954 465 2032 satisfecisse.
507 1957 545 2015 V.
561 1954 699 2016 Monilum
713 1975 767 2034 pro
783 1954 981 2033 Confiaaariis.

119 2121 189 2179 'AN
204 2129 321 2178 tenetur
343 2117 432 2174 homo
447 2115 502 2171 sub
516 2113 631 2173 mortali
646 2133 677 2171 se
691 2125 870 2173 convertere
884 2116 923 2174 ad
938 2118 1021 2175 Deum

88 2202 185 2280 primo
199 2199 330 2268 instanti,
340 2197 442 2255 saltem
453 2195 567 2265 morali,
580 2215 641 2272 quo
650 2195 788 2272 pervenit
798 2195 840 2253 ad
851 2217 940 2255 usum
949 2197 1021 2254 ratio·

88 2283 156 2340 nis?

131 2364 155 2420 1.
177 2363 212 2419 lt.
233 2357 425 2425 Affirmativl,
440 2353 532 2433 idque
545 2375 600 2433 per
617 2365 715 2414 actum
739 2357 850 2414 amoris
873 2358 934 2416 Dei
948 2376 1021 2436 super

89 2443 205 2502 omnia:
222 2441 296 2499 ratio
310 2450 362 2505 est,
378 2435 458 2514 quod
471 2446 651 2515 praeceptum
667 2435 814 2512 diligendi
831 2439 935 2496 Deum
949 2457 1021 2515 super

89 2525 187 2581 omnia
200 2522 314 2597 obliget
327 2516 504 2595 aliquando:
525 2516 608 2593 atqui
630 2515 746 2572 nullum
768 2527 813 2574 est
835 2528 965 2596 tempus,
975 2539 1023 2595 quo

90 2604 183 2681 major
198 2603 236 2660 sit
245 2600 320 2658 ratio
331 2599 417 2656 dicta
431 2596 631 2674 obligationis,
643 2599 732 2672 quim
747 2598 812 2654 cum
825 2597 919 2656 homo
932 2619 1021 2676 perro

90 2686 135 2741 nit
148 2684 187 2740 ad
200 2701 286 2740 usum
298 2678 435 2736 rationis:
450 2697 518 2735 nam
532 2676 619 2734 homo
632 2675 806 2734 naturaliter
819 2678 862 2735 ad
878 2680 974 2738 Deum
986 2699 1021 2737 or·

91 2764 227 2821 dinatur:
249 2779 322 2837 ergo
335 2768 452 2817 tenetur
467 2758 687 2834 quamprimum
701 2766 810 2833 potest,
832 2778 904 2817 eum
930 2761 1021 2819 consti·

90 2855 174 2901 tuere
189 2843 275 2899 finem
291 2860 376 2897 suum
387 2838 525 2896 ultimum
536 2861 545 2908 3
558 2838 645 2914 eique
660 2847 801 2914 tanquam
816 2857 961 2917 supremo
972 2860 1019 2899 otu·

90 2923 173 2981 nium
196 2922 325 2979 Domino
352 2920 448 2978 faeere
474 2917 646 2994 homagium
671 2919 716 2973 sui
743 2915 852 2994 ipsius.
898 2921 1018 2998 inhujus

87 3003 131 3063 rei
147 3002 300 3069 iudicium,
312 3001 395 3058 Deus
409 2999 440 3055 in
451 2997 544 3056 veteri
558 2998 624 3074 lege
638 2996 693 3053 sibi
705 2996 804 3055 offerri
821 2999 917 3076 jussit
934 2999 1018 3079 primi·

91 3087 147 3144 tias
161 3082 293 3143 omnium
307 3100 418 3139 rerum.

129 3167 172 3223 ΙΙ.
190 3165 374 3239 Praeceptum
388 3159 445 3217 hoc
458 3179 490 3216 se
504 3157 695 3217 convertendi
708 3159 748 3216 ad
763 3160 868 3217 Deum
894 3174 929 3222 ut
949 3163 1018 3221 fineu

90 3244 239 3313 ultimum,
254 3261 314 3300 non
328 3242 439 3298 tantiam
454 3250 499 3297 est
513 3240 658 3307 divinum,
688 3239 740 3298 sed
765 3240 857 3297 etiam
881 3243 1018 3302 naturale:

89 3325 137 3383 lex
151 3335 248 3383 autem
265 3332 377 3379 naturae
397 3320 428 3376 in
452 3319 511 3377 hoc
532 3320 629 3397 primo
642 3318 765 3377 instanti
780 3321 1018 3383 manifestaturin

89 3416 156 3463 actu
172 3404 301 3462 seeundo
313 3423 321 3459 τ
335 3422 407 3479 ergo
420 3410 539 3458 tenetur
556 3400 644 3457 homo
658 3420 721 3456 sese
735 3411 808 3458 tunc
818 3400 865 3458 illi
881 3405 1018 3483 subjicere,

90 3486 191 3562 sicque
205 3483 243 3541 ad
257 3483 332 3560 legis
346 3482 500 3539 authorem
516 3501 547 3539 se
561 3492 741 3538 convertere.

129 3570 178 3623 An
197 3563 285 3620 homo
308 3563 406 3639 primo
424 3561 545 3618 instanti
565 3562 635 3619 usila
648 3560 771 3618 rationis
786 3571 908 3623 tenetur
923 3585 953 3623 se
966 3582 1020 3623 con·

88 3657 203 3702 vertere
217 3643 254 3699 atl
268 3644 366 3700 Deum
381 3662 440 3699 non
465 3642 588 3710 tantum,
613 3651 648 3698 ut
661 3641 769 3698 author
784 3652 829 3699 est
844 3645 1020 3711 naturalium,

80 3726 135 3785 sed
150 3725 240 3786 etiam
258 3736 292 3782 ut
313 3734 360 3782 est
373 3722 481 3781 author
497 3721 845 3798 supernaturaliumper
861 3738 944 3784 actus
957 3723 1020 3791 fidei,

70 3809 138 3889 spei
156 3821 188 3869 et
203 3806 387 3869 charitatis?
