2160 4072
81 96 131 160 18·
447 120 658 169 reseratus.

247 263 287 321 N.
301 270 351 323 12.
373 265 431 325 DE
452 266 753 329 PERFECTIONE
776 266 864 328 DEI.

89 418 116 479 1.
136 417 219 483 Deus
231 432 288 483 est·
337 422 446 501 fectus
465 425 509 487 11.
532 427 684 487 Continent
705 426 1018 507 perfectionum

69 517 74 536 ¹
125 517 227 563 rerum.
269 503 332 563 11.
372 502 508 581 Persectio
520 505 685 585 simpliciter
696 506 825 585 simplex.
868 508 925 567 IV.
958 506 1019 565 Atta

124 581 241 659 simplet
254 580 369 642 testim.
410 584 447 642 V.
459 586 540 645 Deus
552 587 672 647 continet
683 584 843 656 fumaliter
855 606 950 646 omnes
958 606 1019 665 per·

122 657 256 728 fictiones
268 656 435 742 simpliciter
446 665 593 743 simplices.
832 714 836 721 .

128 788 153 847 1.
164 791 225 848 ΛΝ
241 794 323 852 Deus
334 805 378 855 est
390 794 566 873 perfectus?

126 867 161 927 R.
177 872 381 947 Affirmstiv63
404 875 475 952 quis
494 877 579 934 Deus
603 876 716 955 optimo
739 872 829 959 morlo
853 886 908 945 est,
937 875 1018 933 itaut

85 946 162 1006 nihil
177 948 372 1026 desiteorum,
388 966 456 1033 quae'
469 955 508 1014 ad
517 976 661 1015 summam
675 956 890 1034 perfectionem
903 965 1019 1034 possunt

87 1029 246 1105 pertinere.

126 1107 177 1168 An
190 1109 222 1170 ln
237 1112 304 1173 Deo
315 1126 384 1175 sunt
394 1114 591 1194 perfectiones
605 1116 738 1175 omnium
759 1120 985 1176 creaturarum?

129 1188 171 1248 ΙΙ.
195 1193 231 1251 R.
261 1197 460 1256 Affirmstivsi:
482 1198 645 1275 probatur;
667 1197 738 1335 puis
762 1196 847 1256 Deus
871 1196 1019 1276 estprims

92 1287 181 1329 causa
195 1275 330 1334 omnium
353 1297 451 1335 rerum
464 1288 494 1337 et
504 1278 599 1336 omnis
614 1298 666 1356 per
680 1277 803 1337 ectionis
816 1276 889 1337 dare
913 1288 1021 1336 creatu·

88 1367 206 1424 rerum3
228 1373 288 1412 non
302 1369 401 1434 posset
415 1369 513 1417 autem
541 1358 624 1427 Deus
638 1356 849 1434 perfectionem
862 1354 935 1416 dore
949 1376 1024 1421 cres,

89 1430 174 1501 turis,
190 1434 247 1492 nisi
260 1436 325 1514 ipse
345 1439 409 1498 illas
425 1439 565 1497 haberet:
575 1438 647 1497 hinc
657 1438 696 1497 sd
708 1438 793 1498 Rom.
804 1457 869 1516 cop.
884 1444 931 1497 11.
942 1458 969 1496 v.
979 1436 1022 1498 36.

87 1507 161 1568 dicit
171 1515 276 1593 Apost.
286 1524 352 1576 “ex
362 1519 437 1597 ipso,
449 1531 478 1577 et
489 1519 658 1597 peripsum,
669 1529 699 1577 et
708 1517 815 1596 inipso
823 1526 894 1577 sunt
903 1517 1023 1579 omnis?

127 1589 186 1651 Pro
198 1593 326 1671 pleniori
338 1598 446 1657 horum
466 1597 664 1677 intelligentis
676 1600 849 1668 notandum,
877 1596 951 1657 olias
966 1616 1024 1656 esse

88 1672 286 1747 perfectiones
313 1676 517 1757 “simpliciter
544 1680 722 1760 simplices,''
747 1678 820 1739 alias
843 1678 1024 1757 “simplices

92 1751 236 1824 tsnttlm,”
264 1777 316 1817 seu
332 1766 350 1793 ‘⁶
366 1756 529 1818 secundtim
543 1759 628 1836 quid.

132 1832 194 1893 ΙΙΙ.
224 1836 406 1916 Simpliciter
429 1839 554 1918 simplex
568 1840 680 1901 dicitur
693 1840 753 1911 illa,
776 1861 842 1919 quae
855 1837 962 1898 melior
982 1848 1024 1897 est

88 1911 152 1988 ipsa
165 1916 255 1993 quim
269 1938 330 1976 non
343 1920 417 1998 ipss,
427 1920 489 1978 sive
503 1940 593 1997 quarn
602 1921 713 1980 habere
727 1931 772 1985 est
785 1918 891 1979 melius
906 1918 1024 1978 cuilibet

89 1993 161 2063 enti,
176 1996 267 2073 qutlm
281 1999 317 2058 el
332 2020 440 2071 carere,
455 2011 490 2059 ut
504 2011 573 2059 sunt
584 2001 655 2072 vito,
676 2000 828 2080 sapientia,
850 2010 907 2059 etc.

131 2073 216 2135 Duos
228 2078 293 2139 haec
302 2081 447 2159 perfectio
458 2080 551 2159 exigit
565 2082 766 2140 conditiones:
781 2080 888 2159 prima,
914 2090 950 2139 ut
961 2078 1024 2139 nul-

92 2153 151 2213 lsrn
165 2156 196 2214 in
211 2178 265 2217 suo
286 2172 444 2241 conceptu,
459 2162 577 2220 formali
597 2152 731 2221 involvet
753 2160 1010 2240 imperfectionem
1015 2183 1024 2231 ;

91 2235 231 2309 secunda,
260 2251 296 2299 ut
308 2261 368 2300 non
389 2240 529 2301 excludet
550 2240 636 2300 slisrn
651 2242 864 2320 perfectionem
885 2240 1024 2320 majorem

89 2314 138 2374 vel
151 2318 303 2396 aequslero.

130 2395 186 2455 1v.
210 2401 356 2461 Perfectio
370 2402 496 2541 simplex
507 2400 623 2463 tsntrlm
646 2423 698 2463 seu
712 2397 876 2462 secundum
889 2401 974 2480 quid'
985 2410 1023 2459 est

88 2476 148 2548 ills,
164 2496 231 2557 quse
245 2499 305 2539 non
318 2493 364 2540 est
377 2502 424 2556 me
437 2483 481 2542 ior
494 2485 558 2563 ipss
571 2482 661 2561 quim
681 2504 743 2542 non
753 2483 826 2561 ipsa,
849 2502 900 2541 seu
916 2503 985 2561 quae
997 2482 1023 2539 iu

90 2578 144 2616 suo
154 2573 302 2641 conceptu
313 2562 431 2622 formali
440 2564 695 2642 imperfectionem
708 2563 845 2632 involvit,
857 2574 892 2621 ut
904 2563 1023 2629 moveri,

90 2637 266 2712 discurrere,
277 2642 396 2703 habitus
403 2644 539 2723 justitior,
550 2644 710 2723 sapientise,
721 2655 778 2703 etc.
788 2642 835 2702 vel
849 2662 918 2721 quae
926 2644 1023 2722 majori

91 2729 144 2778 aut
156 2723 263 2798 {equali
273 2723 449 2800 perfectioni
458 2725 627 2803 opponitur,
636 2737 671 2783 ut
681 2723 785 2784 relatio
795 2721 882 2782 realis
892 2724 931 2783 ed
945 2724 1020 2782 intra

90 2818 120 2858 r.
132 2820 163 2877 g.
172 2804 346 2876 paternitas,
357 2825 424 2882 quae
432 2806 554 2883 quidem
564 2805 639 2864 nihil
648 2802 880 2883 imperfectionis
889 2803 1022 2873 includit,

93 2880 145 2937 sed
156 2900 222 2957 quet
235 2880 268 2940 in
282 2882 384 2942 eadem
398 2905 525 2962 persons
537 2884 682 2963 aequalem
695 2883 918 2963 perfectionem,
941 2894 976 2945 ut
987 2896 1022 2943 est

91 2959 204 3032 filiatio,
225 2982 286 3021 non
301 2965 490 3043 compatitur.

130 3040 303 3103 Notandum
314 3042 448 3116 ulterius,
463 3066 556 3105 unum
571 3047 601 3105 in
611 3045 705 3105 altero
716 3044 859 3104 contineri
872 3065 961 3125 posse
974 3043 1022 3103 du·

90 3118 226 3200 pliciter:
248 3124 346 3201 pr'mo
374 3132 394 3159 “
407 3125 599 3197 formaliter,”
612 3125 732 3205 quando
746 3125 776 3182 in
791 3124 849 3183 elio
861 3127 1022 3186 continetur

89 3200 252 3261 secundrltn
258 3142 490 3279 flilmrstionem
495 3206 661 3267 formalem:
673 3205 802 3265 secundo
810 3214 828 3241 “
838 3206 1021 3275 eminenter‚'

90 3282 209 3359 quando
223 3283 255 3342 in
268 3283 327 3343 alio
340 3286 509 3346 continetur
523 3286 690 3347 virtualiter
703 3306 737 3344 ac
757 3285 929 3364 perfectiori
942 3284 1021 3345 mod(

90 3363 178 3439 qulm
192 3364 223 3423 in
238 3365 358 3444 seipso.
379 3364 416 3426 V.
428 3367 535 3446 Itoque
546 3368 630 3427 Deus
639 3386 740 3426 omnes
752 3365 952 3446 perfectiones
961 3367 1021 3426 sim·

89 3440 208 3520 pliciter
221 3445 371 3525 simplices
384 3447 517 3507 continet
530 3448 702 3520 formaliter,
723 3458 753 3506 et
767 3445 890 3525 quidem
904 3448 961 3515 sub
972 3466 1021 3507 uns

89 3525 231 3584 eteoclem
241 3526 355 3586 ratione
365 3527 499 3587 formali:
515 3526 663 3606 simplices
677 3525 791 3589 tanttlm
803 3547 855 3587 seu
866 3524 1021 3589 secundun

89 3603 172 3680 quid,
182 3626 250 3683 quse
259 3607 686 3685 inperfectioneminvolvunt,
694 3608 826 3668 'continet
832 3605 951 3667 tanttlm
959 3604 1020 3666 emi

87 3696 201 3755 nenter,
211 3687 391 3747 continendo
398 3707 507 3769 nempe
515 3689 664 3768 quidquid
675 3689 705 3748 in
712 3688 771 3747 illis
777 3688 1019 3766 estperfectionis

103 3762 268 3846 Simplices
276 3767 479 3851 eorumquae
488 3769 1020 3848 nullsmimperlectioneminueluunt

60 3843 119 3901 secl
141 3849 235 3907 ollem
264 3850 540 3935 imperfectionem
560 3851 712 3932 oequslem
735 3867 803 3906 uon
819 3847 1020 3921 compsttumu
