2160 4072
10 13 359 33 Μ’·

422 102 469 147 nn
491 102 594 160 nno„¹
918 81 981 155 *225

65 254 160 321 Nota,
170 250 255 330 quod
267 249 301 309 in
311 250 466 328 Scriptura
480 249 570 307 Sacra
583 266 642 306 vox
666 254 687 281 “
696 250 859 308 aternum'
872 262 968 327 quan·

24 333 127 412 ‹lbque
134 333 195 403 late
206 341 355 392 sumatur:
366 330 409 389 sic
417 328 497 407 ignis
506 327 615 387 inferni
626 327 738 388 dicitur
747 327 969 407 aeternus„quia

23 414 97 474 licet
105 412 228 472 initium
238 411 356 480 habeat,
365 428 426 468 non
437 419 536 467 tamen
546 407 670 468 habebit
680 408 779 467 finem:
788 409 849 466 imo
856 416 877 444 “
884 418 970 468 [eter-

27 497 119 552 num”
144 493 325 571 quandoque
349 489 495 567 accipitur
508 508 564 564 pro
577 499 711 566 tempore
725 488 864 558 finiendo,
886 499 918 548 et
928 487 971 549 ita

30 572 391 633 deservistliciturLevit
401 577 520 649 capta
532 588 560 626 v.
574 575 612 628 45
620 579 653 627 et
660 569 708 638 46,
722 575 742 603 “
751 568 966 629 Deadvenis...

31 653 212 712 “habebitis
232 650 435 711 famulos...ac
447 647 637 728 possidebitis
651 650 682 707 in
696 653 871 708 aternum.''

71 733 157 805 Quid
171 743 218 790 est
230 735 350 791 avum?
925 766 928 771 -

73 815 129 872 lV.
145 815 183 871 R.
199 812 255 871 Est
264 810 383 869 duratio
402 809 447 868 rei
471 806 635 868 secundnm
654 811 850 871 substantiam
863 811 971 870 immu-

35 893 143 963 tabilis,
165 891 318 955 mutabilis
338 902 436 949 tamen
450 889 672 949 accidentaliter
684 910 775 968 penes
788 893 910 951 modum
923 892 972 951 vel

36 973 244 1051 operationem,
256 991 383 1050 quaeque
393 970 510 1029 initium
520 969 635 1049 bpbuit,
645 970 698 1028 sed
707 991 768 1031 non
782 982 826 1030 est
835 972 973 1032 habitura

42 1053 142 1112 finem:
164 1052 232 1112 talis
245 1062 291 1110 est
304 1051 421 1110 duratio
438 1048 635 1127 Angelorum.

12 1132 23 1155 ⁸
75 1133 160 1207 Quid
173 1143 218 1192 est
231 1137 372 1211 tempus?

10 1234 14 1273 a·
76 1215 113 1272 V.
128 1215 165 1272 lt.
181 1215 237 1272 Est
250 1232 389 1271 mensura
414 1207 513 1268 metris
539 1210 628 1288 juxta
641 1208 775 1287 aliquos:
800 1213 974 1292 juxtsalios

44 1297 106 1352 verb
126 1304 172 1352 est
195 1293 314 1352 duratio
338 1291 382 1350 rei
405 1288 571 1350 secundum
597 1290 790 1351 substantiam
813 1294 975 1366 mutabilis,
1059 1306 1061 1311 “

44 1372 158 1433 initium
165 1385 198 1434 et
211 1373 302 1432 finem
317 1373 476 1431 habentis:
494 1371 582 1448 juxta
594 1370 666 1428 alios
677 1374 797 1431 tandem
811 1375 977 1450 generatim

21 1530 24 1535 Ι
46 1465 86 1512 est
103 1454 221 1513 duratio
244 1463 414 1524 creaturae-3
438 1463 468 1510 et
482 1450 514 1508 hi
527 1451 606 1509 inter
627 1464 768 1510 aevumet
787 1462 907 1532 tempus
919 1474 980 1513 non

47 1533 238 1612 distinguunt.

72 1613 238 1686 -Quomodo
253 1614 403 1673 aeternitas
416 1612 516 1671 differt
529 1613 569 1670 ab
583 1631 646 1670 aevo
660 1624 689 1670 et
702 1619 858 1692 tempore?

82 1694 135 1756 Vl.
149 1695 184 1753 lt
196 1695 229 1753 in
239 1714 284 1764 eo,
296 1694 384 1772 (μιὸιὶ4
406 1693 555 1751 aeternitas
578 1693 697 1750 initium
720 1712 782 1751 non
804 1695 912 1754 habeat
924 1714 980 1755 nec

52 1773 134 1833 ullam
146 1775 353 1849 mutationem,
366 1773 429 1832 sive
443 1773 675 1842 substantialem,
687 1773 749 1833 sive
758 1774 981 1834 accidentalem.

86 1856 157 1935 obj.
174 1856 200 1914 Ι.
214 1855 376 1913 AEternitas
388 1871 470 1912 nunc
484 1851 596 1911 diutius
618 1853 737 1912 duravit
750 1858 838 1932 quam
849 1868 983 1936 tempore

53 1935 153 1994 Adami
169 1959 179 1996 r
201 1955 274 2012 ergo
288 1935 452 1993 successiva
465 1933 575 1992 existit.

87 2017 119 2075 R.
136 2017 215 2092 Neg.
229 2026 323 2074 antec.
338 2013 451 2072 Verum
472 2023 525 2081 est,
553 2012 633 2091 qubd
646 2014 749 2072 eadem
762 2014 911 2075 aeternitas
920 2015 984 2093 jam

10 2120 12 2129 ¹
53 2096 188 2155 coexistat
201 2094 378 2173 diuterniori
391 2092 528 2171 tempori,
549 2093 614 2170 ipsa
627 2105 725 2152 tamen
739 2115 799 2153 non
812 2095 879 2154 ideo
891 2095 985 2174 major

55 2187 101 2247 est,
113 2196 171 2234 nec
180 2175 371 2246 diuturnior;
393 2174 464 2252 quia
478 2183 523 2230 ast
533 2173 653 2232 omnini>
668 2173 868 2246 indivisibilis,
883 2187 913 2235 et
922 2184 985 2234 tota

55 2255 154 2316 simul:
178 2255 222 2314 sic
235 2274 290 2315 nec
309 2253 491 2314 immensitas
509 2253 604 2332 major
624 2255 710 2326 foret,
719 2256 745 2314 si
758 2255 845 2335 plura
858 2256 925 2315 loca
936 2276 982 2314 re-

10 2358 12 2363 ·
73 2336 151 2396 leret

57 2354 162 2496 p'Obj.
179 2416 222 2477 11.
252 2415 406 2493 Scriptura
431 2414 639 2474 Sacra'tribuit
662 2415 729 2476 Deo
749 2417 933 2495 praeteritum
956 2427 987 2475 et

59 2495 203 2558 tirturum:
220 2517 292 2574 ergo
299 2497 448 2555 aeternitas
457 2495 516 2553 Dei
527 2495 984 2574 habetpraeteritumetfutnrum.

10 2593 18 2627 ἰ
92 2579 126 2638 R.
139 2579 220 2655 Neg.
232 2597 352 2654 conseq.
363 2575 434 2653 quia
444 2595 534 2653 opera
544 2574 603 2633 Dei
616 2576 655 2634 ad
669 2587 753 2635 extra
764 2596 826 2635 non
847 2577 987 2652 dicuntur

66 2657 209 2735 praeterita
221 2656 269 2716 vel
282 2657 394 2718 futura¹
406 2656 521 2713 ratione
540 2654 621 2714 actirs
636 2655 706 2727 Dei,
731 2657 783 2715 sed
802 2657 915 2716 ratione
928 2667 987 2716 ter·

10 2735 20 2772 ⁴
63 2738 204 2797 minorum
217 2738 281 2796 sive
293 2737 460 2804 effectuum,
472 2735 525 2812 qui
535 2734 683 2814 incipiunt
697 2757 761 2795 esse
780 2737 828 2796 vel
840 2736 988 2797 desinunt.

94 2818 236 2877 Similiter
251 2817 324 2875 dum
351 2816 517 2893 Scriptura¹
529 2814 663 2892 loquitur
686 2817 725 2875 rle
737 2818 852 2877 actibus
876 2818 935 2877 Dei
949 2817 988 2877 ad

13 2898 31 2951 'a
63 2897 140 2970 intra,
155 2919 183 2959 v.
199 2919 230 2976 g.
244 2897 377 2957 referens
399 2896 437 2954 de
451 2907 560 2954 aeterna
573 2899 764 2974 generatione
783 2897 863 2967 Filii,
883 2898 989 2958 Psalm.

15 2993 33 3032 e.
66 2984 120 3050 109.
135 2998 163 3037 v.
174 2987 193 3038 3
206 3001 215 3057 ς
237 2986 257 3012 “
272 2981 353 3036 Ante
365 2976 523 3035 luciferum
543 2977 635 3052 genui
649 2981 707 3047 te,’'
720 2997 782 3036 non
796 2978 988 3055 significatur,

64 3059 138 3134 quasi
152 3058 306 3136 generatio
320 3056 389 3116 Filii
398 3056 485 3114 modi>
499 3056 697 3133 praeteriisset,
714 3057 784 3132 (nec
798 3058 876 3116 enim
890 3058 990 3127 habet,

12 3139 29 3194 i:
65 3151 110 3199 nec
123 3159 257 3218 unquam
267 3137 408 3195 habitura
421 3146 465 3194 est
478 3135 577 3205 finem,
592 3136 644 3195 sed
658 3157 775 3216 semper
789 3150 833 3198 est
846 3132 990 3217 praesens)

10 3238 36 3274 ‚c-
65 3219 157 3277 renim
171 3219 327 3297 Scriptura
340 3237 372 3276 se
385 3216 587 3275 accommodat
599 3228 701 3277 nostro
715 3219 889 3297 imperfecto
902 3217 991 3276 intel-

68 3294 171 3376 ligendi
182 3300 283 3368 modo,
309 3297 361 3377 qui
375 3296 473 3356 omnia
486 3317 692 3356 mensuramus
704 3319 758 3377 per
772 3311 917 3376 tempora,
927 3318 993 3357 cum

10 3380 39 3436 ci·
71 3387 160 3439 tamen
175 3399 267 3458 opera
282 3379 342 3437 Dei
351 3377 393 3441 ‚ad
406 3377 486 3435 intra
498 3396 558 3434 non
571 3377 701 3437 habeant
717 3391 852 3457 tempus:
871 3378 997 3459 proinde

72 3455 139 3519 idem
157 3460 280 3519 omnini)
294 3456 477 3536 significatur
488 3477 542 3534 per
555 3457 608 3516 has
621 3461 839 3538 propositiones
851 3480 859 3517 a
879 3461 990 3519 “Pater

10 3561 34 3597 eo
74 3541 88 3570 “
97 3542 200 3618 genuit
215 3538 238 3596 F
240 3539 336 3608 ilium,
358 3539 446 3596 Pater
460 3547 583 3614 generat
594 3538 715 3610 Filium,
732 3541 819 3599 Pater
842 3541 998 3618 generabit

10 3641 42 3678 rr·
76 3620 239 3680 “Filium’'
253 3618 325 3698 quia
347 3616 464 3695 tantglm
487 3617 672 3694 significatur
691 3630 775 3681 actus
797 3620 998 3698 generationis

11 3721 42 3758 es
79 3715 178 3779 emper
190 3718 332 3783 praesens,
341 3709 372 3756 et
383 3697 450 3756 ideo
461 3696 548 3758 etiam
560 3700 1019 3784 verbumpraesentistempm'n

76 3782 178 3854 proprie
188 3777 415 3855 Deocompetit

98 3856 188 3914 Daci.
203 3854 319 3913 deDeo.
512 3885 534 3924 ῃ
