2152 4066
358 112 403 156 nn
421 107 593 158 raccar1s.
885 76 950 161 373

8 257 170 330 imaude'u
192 266 225 317 ut
238 257 380 316 laborent¹
393 256 568 330 successive,
583 276 643 316 non
667 256 786 317 videtur
801 261 816 319 i
830 260 947 318 mortali

8 339 200 410 excusandus,
228 338 377 416 quidquid
405 340 609 398 contradicant
633 338 792 409 Ronacina,
819 340 947 410 Herinx,

9 419 127 498 tliique;
137 419 216 497 quia,
229 419 300 478 licit
311 418 420 496 singuli
434 420 560 498 operarii
573 421 690 477 tantum
701 430 826 496 peccent
834 419 950 490 leviter,

9 500 67 558 edm
80 500 196 558 labores
209 518 270 556 non
281 498 447 558 coalescant
466 509 603 578 respectu
618 499 760 577 ipsorum,
781 499 951 560 coalescunt

9 580 144 657 rquidem
152 590 290 658 respectu
298 580 475 650 mandantis,
490 582 554 638 clim
569 600 670 638 omnes
684 580 819 638 laborent
840 578 952 659 depen-

9 659 110 719 lenter
124 661 161 717 ab
171 660 247 737 ipso,
258 660 360 737 sicque
368 659 510 717 mandans
520 671 658 718 censetur
663 659 808 719 serviliter
819 660 953 720 laborare

9 740 225 799 ternotabilem
236 739 297 797 diei
308 741 331 797 F
334 740 388 798 esti
393 740 812 818 partem,quodestpeccatum
819 742 951 801 mortale.

43 821 136 895 Quod
149 820 175 878 si
187 820 335 878 Dominus
343 819 474 898 jusserit,
489 831 524 878 ut
534 820 622 879 simul
632 820 777 891 laborent,
788 820 875 878 multi
885 843 954 881 eum

9 901 150 960 imortali
159 899 304 958 liberant:
319 900 422 958 veritm
447 901 570 959 Gonnet
591 912 621 958 et
635 900 766 959 Concina
783 902 956 979 oppositum

9 981 164 1050 sustinent,
189 983 223 1039 eb
237 979 328 1058 qubd,
351 981 416 1039 cim
430 980 546 1039 labores
570 981 614 1038 illi
637 981 801 1039 coalescant
820 994 956 1060 respectu

9 1060 184 1126 mandantis,
193 1060 256 1139 ipse
266 1069 419 1118 censeatur
427 1061 597 1119 notabiliter
607 1061 730 1119 violasse
739 1061 956 1122 diemFestum.

14 1174 17 1179 ·
48 1141 81 1217 Si
93 1141 161 1219 quis
169 1141 284 1219 pluries
293 1141 399 1199 leviter
410 1141 533 1199 excedat
539 1143 570 1200 in
576 1151 661 1219 potu,
673 1161 810 1202 excessus
821 1142 863 1200 illi
875 1144 956 1203 leves

9 1240 68 1280 non
82 1220 252 1281 coalescunt
260 1221 290 1278 in
300 1222 413 1279 ratione
423 1223 539 1299 peccati
551 1221 720 1281 ebrietatis:
736 1222 815 1301 qnia,
830 1223 900 1283 licet
910 1244 957 1282 re·

10 1312 148 1381 pugnent
156 1301 251 1360 eidem
263 1311 411 1379 praecepto
420 1303 632 1379 temperantia,
643 1321 701 1360 non
714 1312 848 1380 spectant
857 1315 957 1363 tumen

11 1382 48 1441 ad
60 1400 154 1440 unam
168 1381 317 1440 moraliter
326 1382 589 1458 transgressionem
593 1405 602 1454 ;
617 1382 702 1460 cujus
715 1381 791 1441 ratio
801 1404 863 1442 esse
875 1384 958 1443 vide-

13 1473 68 1533 tur,
83 1462 167 1541 qubd
181 1481 241 1519 non
251 1463 412 1520 consistant
420 1463 451 1519 in
462 1482 494 1520 re
503 1463 698 1540 permanenti,
709 1463 810 1541 sicque
819 1484 879 1522 non
889 1485 958 1543 pos-

15 1543 69 1603 a'nt
98 1543 130 1600 in
156 1562 246 1601 unam
268 1541 432 1601 coalescere
457 1543 619 1601 materiam.
643 1543 770 1601 Possunt
792 1554 891 1602 tamen
915 1544 959 1603 illi

16 1622 93 1683 leves
108 1642 247 1682 excessus
272 1623 435 1681 coalescere
448 1622 480 1679 in
504 1623 617 1681 ratione
639 1622 742 1688 damni
764 1625 896 1683 sanitatis
910 1625 958 1684 vel

17 1703 132 1762 familiar
143 1727 153 1776 3
176 1703 246 1781 quia
259 1702 290 1759 in
305 1704 418 1761 ratione
432 1703 531 1762 damni
547 1714 616 1761 sunt
630 1703 743 1781 aliquid
754 1724 940 1781 permanens.

50 1783 133 1843 Vitae
148 1787 177 1843 et
197 1784 283 1842 famoe
304 1783 510 1842 distinctorum
535 1783 688 1842 hominum
712 1804 773 1841 non
793 1784 961 1845 coalescunt

12 1864 99 1943 juxta
113 1866 153 1923 N.
167 1863 215 1933 96.
231 1874 262 1922 et
270 1862 340 1922 hinc
355 1863 434 1922 leves
445 1863 576 1922 laesiones
590 1874 642 1922 aut
652 1864 847 1924 detractiones
861 1866 960 1924 diver-

15 1964 114 2004 sorum
129 1944 283 2003 hominum
298 1963 359 2002 non
373 1944 557 2002 constituunt
576 1954 732 2022 peccatum
753 1945 885 2017 mortale,
908 1947 959 2005 sed

10 2025 103 2104 plura
116 2024 252 2084 venialia.

49 2104 167 2164 Verum
177 2114 277 2164 tamen
289 2107 391 2185 plures
400 2106 481 2165 leves
501 2105 640 2179 laesiones,
658 2107 745 2166 farnae
756 2106 889 2188 ejusdem
908 2108 962 2167 ho·

11 2184 117 2257 minis,
148 2187 367 2246 communitatis
390 2197 442 2245 aut
465 2186 584 2246 familia
617 2187 757 2246 videntur
779 2187 941 2249 coalescere
952 2214 962 2261 ,-

11 2264 154 2345 adeoque
168 2267 192 2325 si
205 2265 264 2325 illa
277 2287 376 2345 parvoe
389 2267 522 2325 laesiones
536 2268 622 2326 simul
647 2279 771 2347 sumptoe
784 2269 964 2329 constituant

12 2345 170 2406 defectum
182 2347 313 2425 graviter
322 2350 512 2425 probrosum,
526 2361 668 2425 peccatur
675 2348 848 2408 mortaliter.
880 2351 966 2408 Idem

13 2438 63 2486 est
78 2427 118 2486 de
132 2428 269 2507 pluribus
282 2428 400 2487 levibus
412 2428 662 2506 percussionibus,
691 2431 798 2507 quibus
818 2430 885 2509 quis
899 2441 965 2491 tan-

15 2506 90 2566 dem
100 2509 233 2584 graviter
243 2508 326 2568 laedit
339 2528 447 2587 corpus
461 2507 591 2566 alterius.

59 2586 136 2667 Obj.
159 2587 221 2660 Qui
235 2589 351 2649 furatur
371 2588 496 2665 triginta
510 2608 588 2646 asses
611 2592 626 2646 i
648 2590 773 2668 triginta
794 2590 966 2650 hominibus

18 2667 179 2738 distinctis,
200 2683 304 2746 peccat
325 2669 510 2740 mortaliter3
538 2689 610 2746 ergo
632 2671 687 2747 qui
713 2670 819 2730 leviter
833 2670 967 2730 detrhita

20 2748 147 2826 triginta
156 2747 337 2820 hominibus,
352 2759 450 2828 potest
463 2768 587 2826 peccare
596 2751 768 2821 mortaliter.

49 2831 100 2888 ·R.
123 2830 200 2906 Neg.
220 2848 336 2908 conseq.
362 2829 529 2907 Disparitas
552 2841 605 2898 est,
631 2831 712 2908 quod
736 2833 859 2911 triginta
880 2853 968 2904 asses,

20 2909 93 2969 crim
108 2910 167 2968 sint
180 2930 226 2967 res
241 2921 368 2968 externe
381 2920 411 2967 et
424 2910 611 2987 temporales,
625 2931 684 2969 non
696 2914 775 2971 mere
790 2913 968 2991 personales,

22 2990 189 3049 coalescant
198 3003 335 3068 respectu
349 2991 485 3061 furantis,
498 3001 528 3047 et
542 2991 582 3048 ita
596 2991 647 3049 ille
662 2992 693 3050 in
707 2995 861 3072 supposito
870 2994 902 3051 lit
918 2993 969 3051 de-

22 3079 123 3129 tentor
136 3081 189 3128 aut
211 3069 415 3129 damnificator
428 3070 552 3147 triginta
575 3073 695 3142 assium,
711 3073 763 3151 qui
786 3076 971 3133 constituunt

22 3169 86 3208 rem
98 3150 223 3208 alienam
233 3151 392 3209 notabilem
397 3175 406 3222 ;
416 3151 598 3210 famaautem
603 3166 647 3210 est
658 3173 704 3211 res
713 3153 970 3232 merepersonalis.

65 3230 200 3301 Interim,
230 3242 264 3289 ut
279 3251 368 3310 supra
382 3231 495 3289 dictum
509 3240 563 3301 est,
576 3234 607 3290 in
619 3233 764 3291 similibus
788 3235 903 3293 casibus
917 3255 971 3311 po-

24 3311 80 3369 tiirs
94 3311 208 3369 attendi
223 3311 335 3370 debent
349 3310 459 3369 morale
473 3311 621 3388 judicium
637 3326 666 3371 et
681 3333 783 3372 sensus
797 3315 973 3383 communis,

25 3393 114 3468 quim
126 3392 254 3449 rationes
269 3403 299 3450 et
311 3391 488 3450 subtilitates
500 3391 758 3453 Scholasticorum.

183 3512 230 3570 u
251 3511 801 3584 Q

24 3712 48 3768 l.
63 3712 186 3787 Regula.
232 3710 274 3770 H.
296 3711 406 3777 Aderu,
465 3710 525 3771 ΙΙΙ.
557 3710 680 3773 Peccata
708 3712 740 3773 itt
770 3715 872 3794 quibus
901 3716 987 3770 datur

44 3788 185 3860 parm'las
211 3790 349 3848 malerioe.
398 3794 454 3855 IV.
489 3793 526 3852 Et
550 3793 711 3875 inquibus
735 3818 794 3856 nou
824 3796 927 3852 datur.
964 3789 1017 3840 Ψ

45 3862 146 3921 Τνασί.
162 3868 198 3926 de
219 3869 367 3930 Peccatra.
479 3885 540 3938 21<
