2160 4072
274 123 320 168 ur
338 122 482 175 acrinus
499 122 669 167 nonanis.
880 104 941 177 171

43 265 164 346 quando
176 268 278 328 vocari
292 269 492 328 voluntarium
505 276 525 303 “
539 270 570 326 in
584 268 659 326 alio''
674 268 736 327 sive
751 274 772 303 “
782 268 815 327 in
829 277 946 342 cauta,”

43 367 73 405 m
88 347 290 408 voluntarium
305 349 620 431 “interpretativum'’

43 427 177 506 Asiigua
196 426 321 508 aliquid,
339 432 422 508 quod
445 442 490 490 est
503 429 703 488 voluntarium
717 430 871 503 indirecte,
885 453 947 493 non

43 589 81 647 R.
111 589 185 648 Tale
206 598 252 649 est
263 588 458 650 homicidium
471 599 608 668 respectu
622 582 751 649 hominis
762 591 947 670 projicientis

43 688 88 744 ura
100 668 133 726 in
151 669 281 748 plateam
305 669 475 730 hominibus
498 672 726 750 frequentatam,
740 691 800 729 uon
813 672 949 734 adhibita

43 749 153 821 atione,
166 760 397 810 uetrauseuntes
405 750 552 810 laedantur
563 777 573 824 3
586 752 672 810 simili
685 752 774 810 modo
784 752 950 814 voluntaria

43 849 70 889 re
78 843 215 908 possunt,
226 850 292 909 quae
302 830 379 904 fiunt
390 831 422 889 in
434 832 588 903 ebrietate,
596 832 629 889 in
640 851 751 903 somno,
763 852 797 891 ex
811 833 950 910 ignoran-

43 931 50 968 t
113 910 316 989 'negligentia

43 1040 46 1044 .
101 1034 109 1049 .
153 992 239 1050 odem
253 993 341 1051 modo
354 990 469 1070 aliquid
492 1010 556 1051 esse
568 1003 667 1071 potest
681 994 793 1052 directe
807 1004 855 1052 vel
869 995 948 1054 indi-

43 1072 85 1130 cte*
95 1093 133 1130 vo
233 1095 242 1143 3
258 1073 299 1132 sic
312 1093 391 1130 mors
399 1072 482 1131 illata
494 1074 593 1131 animo
604 1073 770 1144 occidendi,
783 1084 828 1133 est
838 1074 949 1136 directi

43 1150 117 1223 tto}
127 1163 174 1230 'qu
262 1153 280 1211 ὸ
295 1153 430 1230 sequitur
443 1172 480 1211 ex
493 1153 677 1232 projectione
685 1155 832 1232 lignorum
846 1155 877 1213 in
888 1158 951 1234 pla.

43 1248 86 1289 sm
110 1232 225 1291 homini
268 1252 283 1291 a
308 1233 523 1311 frequentatam
550 1254 611 1292 non
638 1235 771 1294 adhibiti
798 1220 944 1310 cendone,

43 1310 153 1372 tonate
297 1325 342 1372 est
354 1315 499 1373 indirecte
512 1315 603 1373 volita
614 1337 623 1386 ς
647 1317 688 1374 sic
717 1317 806 1374 etiarn
832 1316 946 1376 malitia

43 1394 121 1452 uasti
136 1413 170 1451 or
259 1393 266 1406 '
296 1395 409 1453 tantirm
422 1394 565 1455 indirecte
578 1406 623 1454 est
637 1396 728 1454 volita
741 1397 888 1475 peccanti·

43 1558 116 1619 tao.
234 1558 521 1637 votuurnnro
543 1550 778 1636 uuofflslro
800 1564 861 1622 nu
877 1562 950 1622 uo.

291 1643 387 1702 uun
403 1642 488 1702 vua
499 1644 668 1703 notun.

43 1804 106 1865 nid
124 1807 223 1866 tonum
243 1807 397 1887 requiritur
410 1807 595 1867 voluntarium
610 1808 752 1869 directum.
796 1811 840 1869 11.
863 1807 952 1888 Suffi-

57 1882 191 1945 &tamen
204 1888 333 1946 virtuale.
356 1887 417 1948 111.
432 1887 503 1946 Item
518 1887 699 1966 Implicitam.
736 1890 791 1951 IV.
806 1888 952 1955 Quomodo

58 1962 214 2107 ³52quss
228 1970 319 2048 possit
342 1986 401 2027 este
426 1967 571 2025 directum.
613 1968 649 2025 V.
674 1969 722 2026 Ao
734 1970 837 2029 molum
852 1969 953 2047 sufficit

43 2210 199 2286 iu-QUALE
222 2214 424 2277 voluntarium
450 2215 613 2294 requiritur
640 2215 678 2274 ad
699 2217 821 2286 bonum,
843 2217 906 2275 sive
919 2227 954 2277 ut

43 2292 91 2350 ttio
101 2305 202 2356 nostra
216 2296 370 2358 contrahat
382 2296 566 2357 honestatem
579 2295 704 2376 alicujus
724 2298 870 2357 virtutis?
965 2340 968 2345 ,

63 2370 74 2429 Ῑ
94 2374 126 2430 R·
144 2374 315 2456 Requiritur
324 2377 522 2437 voluntarium
533 2378 688 2448 directum,
701 2377 764 2436 sive
777 2377 952 2455 requiritur,

43 2450 196 2516 rhonestas
209 2458 329 2517 virtutis
340 2459 377 2516 sit
390 2458 546 2529 motivum,
558 2479 619 2536 quo
627 2478 752 2535 operans
766 2459 816 2516 hic
831 2468 861 2515 et
874 2476 955 2516 nunc

43 2534 146 2594 hiatur
159 2537 223 2596 ada
245 2538 355 2601 en'dum
364 2561 374 2610 ;
388 2537 459 2596 hinc
467 2537 540 2596 dicit
555 2540 585 2597 S.
601 2537 706 2596 Thom.
721 2548 824 2616 quaest.
841 2545 888 2608 19.
899 2547 954 2596 art.

43 2608 95 2671 tad
107 2623 135 2676 3.
164 2625 184 2652 “
199 2558 316 2689 adhoc,
338 2618 418 2695 quod
446 2618 582 2677 voluntas
607 2618 645 2675 sit
668 2620 755 2687 bona,
779 2619 954 2696 requiritur,

43 2692 127 2769 fqudd
137 2698 175 2756 sit
185 2698 257 2757 boni
271 2700 326 2757 sub
336 2698 450 2757 ratione
461 2699 542 2768 boni,
553 2698 585 2756 id
596 2709 650 2769 est,
665 2699 746 2776 qudd
758 2699 830 2759 velit
840 2701 954 2758 bonum

43 2772 83 2831 'et
92 2789 211 2856 propter
224 2780 364 2838 bonum.''
866 2853 867 2856 Ἴ

44 2850 48 2881 ³
65 2850 140 2914 Ratio
153 2870 207 2928 est,
220 2858 301 2937 quod
314 2860 425 2917 bonum
439 2868 596 2928 mereatur,
625 2869 658 2916 ut
670 2858 702 2915 in
717 2879 748 2917 se
761 2859 952 2921 intendatur:

43 2924 106 3070 ΕΗ
128 2938 180 3017 qui
197 2939 283 3001 ,illud
311 2939 422 2999 directe
451 2959 511 2998 non
530 2939 669 3008 intendit,
683 2959 744 2997 non
759 2939 825 2998 vult
839 2941 953 3000 bonum

73 3013 209 3088 debiliter,
224 3030 255 3078 et
267 3030 357 3097 prout
367 3019 499 3078 debiturn
510 3019 664 3098 etjustum
676 3030 720 3078 est
730 3030 765 3079 ut
774 3021 953 3080 intendatur.

52 3091 98 3181 UH.
113 3098 283 3157 Notandum
297 3110 396 3159 tamen
411 3098 491 3179 quod
503 3100 539 3158 ad
551 3102 662 3157 bonum
678 3101 802 3160 sufficiat
815 3101 953 3159 volunta-

67 3248 71 3257 .
115 3177 261 3238 directum
290 3179 456 3239 virtualiter
470 3198 685 3257 perseverans:
707 3190 737 3240 et
763 3182 804 3238 ita
827 3178 953 3240 orationi

43 3166 164 3411 fictio
191 3258 389 3319 involuntaria
415 3259 635 3339 superveniens,
660 3281 719 3319 non
747 3259 827 3318 tollit
853 3263 891 3319 ab
918 3279 953 3318 ea

113 3357 157 3395 em
171 3340 251 3398 boni.
289 3352 291 3357 '
721 3338 734 3359 '

43 3416 45 3421 '
70 3410 116 3473 111.
133 3420 303 3479 Notandum
316 3421 357 3480 2⁰.
382 3420 468 3479 ctiam
483 3418 520 3477 ad
533 3422 645 3479 bonum
660 3421 791 3479 sufficere
815 3420 949 3479 volunta·

106 3496 299 3577 implicitum
320 3518 380 3578 quo
400 3498 488 3558 modo
510 3500 652 3560 Sacerdos
674 3499 821 3575 accipiens
832 3501 952 3560 brevia-

88 3588 134 3657 ‘et
145 3578 248 3656 legens
262 3582 362 3638 Horas
376 3579 503 3638 intendit
524 3580 699 3649 satisfacere,
720 3580 790 3638 licit
810 3593 877 3640 actu
899 3601 951 3640 ex·

94 3663 121 3713 to
131 3670 159 3717 et
167 3659 276 3719 reflexa
290 3660 329 3719 de
341 3660 392 3718 illa
404 3661 568 3720 intentione
581 3660 787 3723 satisfaciendi
795 3682 863 3721 non
874 3661 962 3740 cogr-

43 3794 46 3811 ,
77 3734 175 3800 trotio
197 3751 246 3798 est
267 3741 346 3815 quid
373 3740 432 3800 tale
459 3742 669 3805 voluntarium
688 3742 887 3826 impiicitum
906 3760 978 3802 nott
