2160 4072
72 101 116 173 titt
440 119 641 167 rracrsrus

67 280 124 333 art.
140 272 182 348 1.)
193 267 244 338 ita,
255 272 275 301 “
288 266 370 345 quod
383 285 439 325 nec
452 266 491 326 ad
504 274 689 326 momentum
702 263 864 341 subsistere
876 283 955 344 posse

67 349 126 413 nisi
138 348 308 427 operatione
322 347 429 407 divino
450 347 568 407 virtutis
582 354 828 407 conservarentur
837 345 869 403 in
878 348 955 404 esse!

70 431 153 493 Hinc
177 428 251 488 dicit
275 428 411 487 Christus
433 427 520 488 Josn.
548 446 612 505 cap.
628 434 656 486 5.
670 447 699 484 v.
716 433 762 492 17.
789 433 809 460 “
823 425 912 484 Pater
926 445 954 482 m

69 529 165 591 usque
178 508 251 568 mod
268 506 441 587 inperetur,
469 519 500 566 et
527 527 583 585 ego
610 508 746 585 operor.''
788 505 869 565 Vide
889 516 943 564 art.

70 593 148 653 hanc
162 589 316 651 veritatem
330 590 346 647 i
360 589 473 647 ratione
485 589 649 666 probatam.

111 669 192 746 Quid
203 679 248 727 est
261 686 420 727 concursus
432 667 513 728 Dei?

111 751 174 811 111.
186 751 222 809 R.
243 748 298 809 Est
307 747 438 808 influxus
450 748 579 817 divinus,
594 767 655 825 quo
669 747 753 805 Deus
766 757 912 826 tanquam
926 766 955 804 ca

71 831 169 910 prima
182 826 281 887 influit
291 847 359 887 cum
374 831 462 887 causi
476 828 605 887 secundi
620 828 651 884 in
666 828 804 886 eumdem
825 827 955 886 effecturi

114 909 221 973 Dividi
229 919 327 985 potest
340 928 501 969 concursus
515 909 574 967 Dei
588 910 618 969 in
628 909 797 985 generalem
807 920 838 967 et
846 907 955 986 special

74 988 242 1070 cujusmodi
256 999 310 1058 est,
333 989 385 1067 qui
400 989 433 1047 lit
446 989 641 1067 pergratiam
656 987 921 1066 supernaturalem.

113 1074 165 1131 An
173 1088 334 1129 concursus
348 1070 405 1128 Dei
411 1069 575 1147 requiritur
586 1069 625 1129 ad
637 1089 757 1129 omnem
768 1079 911 1128 creatura
925 1088 955 1127 ac

76 1154 169 1211 nem?

108 1232 124 1292 Ι
126 1232 163 1291 V.
176 1229 211 1289 R.
223 1228 396 1290 Necessarid
405 1228 566 1307 requiritur
574 1229 677 1289 saltem
686 1249 850 1289 concursus
859 1249 955 1308 gener

79 1319 100 1347 “
112 1312 149 1373 In
165 1311 231 1388 ipso
254 1310 350 1368 enim¹'
380 1309 507 1380 (scilicet
521 1311 603 1389 Deo)
625 1318 645 1345 “
659 1311 788 1369 risimus
810 1330 955 1371 movemu:

80 1399 101 1427 “
115 1389 245 1455 sumus.’'
286 1393 354 1453 Act.
382 1399 428 1457 17.
444 1410 472 1449 v.
496 1397 547 1450 28.
589 1391 675 1451 Idem
701 1391 796 1469 exigit
816 1390 894 1449 ratio
914 1411 955 1470 pr,

80 1493 176 1533 causoe
190 1483 220 1531 et
233 1471 432 1551 dependentia
443 1481 585 1531 creaturae
599 1470 618 1530 i
630 1471 736 1531 Deoin
746 1471 914 1530 actionibus
928 1492 955 1530 su

122 1553 205 1611 Dum
218 1553 320 1629 itaque
330 1551 449 1622 dicitur,
464 1571 539 1628 opus
549 1549 672 1629 aliquod
686 1551 750 1610 fieri
764 1551 833 1611 solis
846 1562 955 1610 natura

81 1633 174 1702 ribus,
185 1632 350 1691 includitur
364 1651 480 1709 semper
491 1651 654 1691 concursus
668 1632 727 1691 Dei
737 1652 855 1710 semper
864 1653 955 1710 gener

123 1712 159 1770 V.
175 1713 223 1771 Ex
242 1711 329 1769 dictis
343 1710 461 1789 collige,
473 1712 554 1789 quod
568 1732 731 1772 concursus
743 1712 864 1771 illenon
879 1714 955 1772 sitm

81 1792 217 1872 quaedum
227 1791 346 1851 moralis
352 1808 409 1870 per
421 1793 542 1851 modum
552 1792 706 1853 invitantis
715 1806 768 1852 aut
781 1793 949 1865 allicientis,

81 1873 173 1933 motio
186 1871 311 1951 physica
323 1883 355 1931 et
370 1871 548 1943 immediata,
576 1873 653 1933 sicut
666 1875 744 1933 actio
753 1873 877 1952 physice
899 1874 917 1934 ὲ
936 1894 955 1934 c

82 1951 213 2018 secundi
228 1952 375 2030 procedit.

124 2033 207 2097 Hinc
220 2032 367 2111 intellige,
379 2034 529 2111 quomodd
552 2036 637 2095 Deus
656 2034 825 2112 impedierit
845 2036 953 2094 combu

83 2135 152 2174 nem
164 2114 256 2173 trium
270 2134 431 2192 puerorum
449 2115 481 2172 in
493 2115 612 2175 fomace
625 2115 818 2193 Babylonici,
840 2116 952 2174 scilicet

84 2194 218 2253 tollendo
231 2194 343 2273 ignem,
355 2195 410 2253 sed
420 2194 552 2253 tollendo
561 2214 740 2257 coricursum
749 2216 837 2254 suurn
846 2196 955 2274 requisi

85 2275 124 2333 ad
137 2274 284 2332 actionem
297 2274 422 2351 ignisin
430 2294 561 2351 pueros„

127 2356 184 2413 An'
192 2374 353 2413 concursus
377 2353 428 2412 ille
449 2368 493 2412 est
517 2355 612 2414 solim
636 2356 829 2415 simultaneus
854 2377 923 2415 cum
938 2376 955 2414 c

88 2434 229 2505 secundi,
244 2455 282 2497 an
296 2434 366 2494 verd
380 2435 534 2512 praevius?

127 2517 183 2574 VI.
200 2516 235 2574 R.
251 2514 467 2573 Simultaneum
480 2535 541 2573 non
555 2516 706 2590 sufficere3
729 2517 798 2595 quie
813 2517 855 2575 sic
872 2519 954 2575 Deus

89 2595 222 2654 influerit
239 2595 272 2653 in
292 2615 411 2654 causam
424 2596 594 2667 secundam,
609 2609 644 2656 ut
656 2611 736 2675 agat,
764 2597 817 2657 sed
829 2595 946 2655 tannim

90 2679 177 2734 causi
192 2676 322 2735 secundi
335 2674 466 2734 induerit
480 2677 512 2733 in
525 2676 683 2737 effectum:
711 2679 813 2755 sicque
834 2677 955 2736 volunt:

90 2756 160 2817 vina
174 2767 204 2814 et
216 2756 346 2819 huruann
360 2766 457 2817 essent
470 2755 538 2816 duae
552 2777 648 2817 causae
658 2759 806 2835 partiales,
827 2778 954 2834 quarum

90 2854 150 2894 non
162 2834 261 2894 influit
270 2835 303 2893 in
311 2836 419 2908 aliam3
434 2835 567 2913 adeoque
577 2858 638 2896 non
651 2839 812 2897 salvaretur
826 2838 955 2897 subordir

91 2934 186 2974 ceusu
200 2916 337 2975 secundae
350 2916 388 2974 ad
403 2936 520 2974 causam
540 2918 675 2995 primam.

132 2997 203 3055 Vll.
217 2996 306 3056 Unde
316 3016 476 3055 concursus
487 2996 794 3076 dubetessepraevius,
804 3019 865 3076 quo
880 2999 955 3057 Deur

92 3075 207 3139 tantum
218 3075 354 3155 influitin
359 3076 496 3141 effectum
502 3096 597 3137 causse
602 3081 750 3150 secundm,
759 3079 907 3137 sedsimul
913 3079 955 3138 cai

94 3156 254 3216 secundam
266 3167 367 3217 movet
378 3156 418 3216 ad
436 3155 598 3236 agendum,
626 3161 651 3218 si
674 3180 735 3218 non
759 3171 905 3237 tempore,
931 3181 955 3218 se

93 3238 200 3296 naturii
222 3234 315 3316 priris,
344 3237 436 3316 quim
457 3240 521 3316 ipsa
543 3262 575 3303 se
588 3251 705 3299 moveat
717 3264 726 3311 3
751 3261 830 3310 nam,
858 3252 890 3297 ut
916 3241 955 3298 di<

94 3317 203 3377 Thom.
219 3326 244 3377 1.
254 3323 320 3397 2-q3
331 3326 424 3391 {tart
434 3321 502 3380 ‘inin
515 3322 600 3399 corp.
615 3328 636 3355 “
649 3322 748 3381 Omne
759 3320 840 3397 quod
852 3321 953 3398 quand

94 3409 138 3457 est
149 3418 240 3475 agens
250 3403 269 3431 “
280 3397 312 3457 in
322 3410 402 3470 actu,
412 3409 443 3457 et
454 3401 634 3479 quandoque
644 3401 676 3459 in
685 3403 829 3480 potentii,
845 3402 955 3481 indiget

95 3487 115 3513 “
124 3477 501 3556 veriabaliquomoveute.”
514 3481 686 3547 Videetiam
694 3481 849 3559 hicquaest.
864 3489 930 3540 105.
944 3503 955 3539 a

136 3558 247 3617 Verium
257 3559 369 3619 famosa
377 3561 500 3638 quaestio
507 3563 682 3632 instituitur,
693 3582 731 3620 an
742 3562 793 3620 ille
805 3581 955 3620 concursu:

94 3639 224 3717 praevius
248 3639 486 3719 praedetenninet
514 3643 696 3703 voluntatem
716 3643 845 3700 hominis
866 3643 955 3701 adon

93 3729 204 3790 actum,
230 3739 268 3783 an
282 3720 397 3783 mutim
411 3722 449 3781 ad
467 3721 599 3801 primurn
611 3734 722 3791 actum,
749 3724 811 3782 sive
825 3723 864 3782 ad
877 3725 955 3782 bonu

82 3800 248 3873 communi,
263 3800 307 3863 de
322 3809 383 3883 qut
397 3803 445 3865 sit.
