2152 4066
120 87 184 156 260
499 112 699 158 raacrarus

164 260 243 319 Nota
253 268 362 328 tamen,
390 258 469 334 quod
483 269 567 318 actus
577 280 615 318 ex
628 259 746 337 objecto
759 254 944 327 indifferens,
961 267 995 316 ut
1007 279 1055 321 am.

122 339 245 410 bulatio,
259 338 448 397 manducatio
461 350 517 398 etc.
536 359 597 397 non
610 339 704 418 possit
720 336 894 396 immediate
916 337 1072 403 referriin=

124 423 223 480 Deum
235 442 245 491 ;
270 418 340 496 quia
354 418 422 477 talis
435 418 512 477 actio
527 419 565 478 de
579 440 610 479 se
623 419 700 478 nihil
712 417 752 477 ad
764 416 909 476 honorem
926 418 988 476 Dei
1001 439 1072 480 oon·

122 499 217 569 ducit;
231 500 283 558 sed
296 497 379 576 priris
392 498 495 557 referri
507 498 597 559 debet
607 499 645 558 ad
655 499 744 558 finem
752 497 884 574 aliquem
897 498 1058 575 proximum
1070 536 1072 541 ·

122 579 387 656 proportionatum,
415 590 445 637 et
464 599 499 637 eo
512 579 661 638 mediante
674 580 707 638 fit
720 576 880 638 referibilis
894 577 928 635 in
944 578 1056 641 Deum:

122 660 163 716 ita
176 658 310 736 intellige
324 660 421 736 Apost
446 667 471 718 1.
498 659 537 717 ad
551 660 619 719 Cor.
643 679 704 737 cap.
724 666 771 719 10.
784 677 812 716 v.
825 665 875 718 31.
899 656 1072 739 dicentem:¹

123 746 143 772 “
159 739 229 798 Sive
242 738 435 809 manducatis,
463 737 527 798 sive
539 738 652 810 bibitis,
680 740 742 798 sive
756 737 840 797 aliud
864 736 943 815 quid
963 737 1056 813 facitis,

122 826 141 853 “
156 820 255 877 omnia
265 819 296 876 in
309 818 434 896 gloriam
445 820 504 878 Dei
518 820 634 878 facite.''

162 899 223 972 Qui
236 899 337 976 itaque
349 898 439 958 vellet
452 898 604 959 ambulare
616 911 669 960 aut
691 897 872 959 manducare
884 896 927 957 sd
940 898 1057 976 gloriam

122 979 180 1039 Dei
200 989 346 1057 peccaret.
1042 1006 1046 1011 ·

160 1059 265 1133 Qualis
273 1069 317 1118 est
330 1069 413 1118 actus
426 1069 472 1118 est
485 1059 602 1138 objecto
615 1059 785 1119 indifferens
798 1057 911 1118 relatus
926 1057 1058 1120 adfinem

121 1140 255 1198 malum?

160 1220 216 1279 Vl.
231 1221 265 1277 R.
282 1221 338 1278 Est
350 1221 455 1290 malus,
484 1230 514 1279 et
528 1222 543 1278 i
557 1219 616 1279 fine
629 1219 738 1300 accipit
749 1219 877 1298 primam
901 1219 1056 1281 malitiam:

121 1299 162 1358 ita
175 1299 251 1358 mala
261 1310 306 1358 est
319 1299 480 1359 ambulatio
491 1299 530 1359 ad
543 1299 750 1359 occidendum.

142 1460 181 1517 N.
191 1467 238 1518 84.
262 1460 320 1518 DE
342 1461 457 1520 AcTU
479 1461 602 1519 MALO
626 1460 798 1519 RELATO
822 1461 882 1518 AD
905 1458 1043 1522 FINEM

160 1538 326 1609 BONUM,
358 1540 518 1600 MALUM
542 1541 625 1599 VEL
648 1540 1025 1600 INDIFFERENTEM.

124 1699 148 1757 1.
177 1698 555 1760 Malitiutamenmiriaitrrr.
598 1701 641 1759 11.
672 1697 943 1759 Verdmaonsicct
956 1700 1059 1779 fictir

158 1777 268 1836 mortali
294 1777 419 1838 venialis.
462 1778 522 1839 ΙΙΙ.
553 1778 653 1838 Malus
666 1776 772 1837 relatus
785 1779 825 1837 ad
843 1779 932 1852 finem
951 1781 1058 1854 ncoiun,

160 1866 201 1915 est
214 1857 360 1934 dupliciter
380 1858 479 1917 mulus.

160 2018 318 2091 QUALIS
328 2029 372 2078 est
382 2029 465 2078 actus
479 2038 515 2077 ex
528 2018 646 2094 objecto
658 2016 764 2088 malus,
788 2016 910 2088 relatus,
923 2017 963 2076 ad
978 2019 1055 2083 finem
1065 2018 1072 2159 i

120 2100 254 2158 bonum?
429 2128 432 2134 ·

162 2181 195 2237 R.
214 2180 317 2238 Manet
329 2180 433 2250 malus,
445 2180 515 2257 quia
528 2178 566 2237 ad
580 2178 690 2238 malum
699 2178 805 2238 sufficit
815 2198 894 2237 unus
908 2179 1051 2254 defectum
1070 2170 1072 2224 Ῐ

121 2260 191 2317 hinc
204 2259 242 2316 ad
256 2261 339 2320 Rom.
354 2280 418 2338 cap.
434 2269 462 2320 3.
477 2281 505 2319 v.
523 2267 549 2318 8.
562 2259 683 2318 damnat
695 2257 858 2335 Apostolus
872 2278 933 2330 eos,
951 2260 1004 2337 qui
1017 2261 1050 2320 di·

120 2350 209 2398 cunt:
226 2347 245 2373 “
257 2341 413 2400 Faciamus
425 2340 513 2409 mala,
523 2350 558 2398 ut
571 2339 710 2397 eveniant
723 2341 829 2398 bona.''
1048 2370 1051 2375 ·
1066 2408 1069 2419 1

158 2420 227 2498 Obj.
245 2419 352 2477 Matth.
367 2441 431 2498 cap.
446 2420 474 2480 6.
488 2441 517 2478 v.
534 2429 581 2481 22.
593 2419 666 2479 dicit
689 2419 845 2479 Christus:
870 2426 891 2453 ·‘
908 2420 940 2479 si
956 2419 1049 2482 oculus
1065 2422 1071 2493 i

119 2506 140 2532 “
152 2509 223 2562 tuus
237 2500 326 2558 fuerit
340 2501 475 2578 simplex,
489 2511 585 2559 totum
596 2520 703 2576 corpus
716 2511 802 2557 tuum
816 2499 952 2558 lucidum
968 2501 1022 2560 erit
1030 2504 1049 2562 ι’·

119 2581 201 2657 atqui
215 2581 303 2659 juxta
323 2582 352 2639 S.
378 2585 458 2657 Aug.
473 2601 526 2658 per
541 2581 659 2639 oculum
675 2578 852 2656 intelligitur
865 2580 996 2640 intentio
1009 2601 1049 2641 seu

119 2660 195 2729 finis,
224 2674 254 2719 et
276 2680 330 2738 per
345 2682 452 2738 corpus
466 2661 648 2737 significatur
662 2680 756 2737 opus:
779 2679 852 2738 ergo
869 2680 957 2738 opus,
981 2663 1050 2740 quod
1071 2703 1072 2707 1

119 2740 208 2798 habet
222 2741 310 2798 finem
322 2743 443 2811 bonum,
454 2761 570 2819 semper
584 2753 628 2800 est
638 2743 760 2800 bonum.

161 2823 194 2878 R.
212 2823 288 2898 Neg.
312 2841 392 2880 cons.
407 2821 517 2880 similes
530 2823 617 2880 etiam
632 2821 796 2879 locutiones
818 2819 934 2878 tautirm
950 2820 1048 2898 impor.

118 2912 191 2971 tant,
207 2901 286 2978 quiid
301 2901 385 2971 illud,
397 2902 479 2979 quod
492 2922 528 2959 ex
542 2913 623 2960 recta
632 2901 796 2960 intentione
807 2900 943 2978 procedit
958 2901 996 2958 sit
1007 2903 1049 2960 bo·

118 3000 199 3048 num,
210 2982 234 3038 si
248 2980 367 3039 aliunde
381 2982 491 3040 nonsit
504 2982 638 3041 defectus
651 3006 661 3055 3
685 2980 795 3040 deinde
805 3000 858 3057 per
866 2981 1050 3039 intentionem

117 3060 243 3138 intelligi
257 3071 356 3138 potest
370 3062 436 3120 finis
451 3083 518 3121 cum
533 3063 648 3133 mediis,
663 3064 704 3120 itu
718 3074 752 3120 ut
765 3060 949 3138 intelligatur
964 3062 1050 3120 inten-

117 3144 159 3200 tio
172 3153 262 3218 prout
271 3142 370 3200 fertur
380 3143 411 3200 in
422 3144 509 3201 finem
521 3153 550 3201 et
564 3144 595 3199 in
608 3143 717 3212 media;
731 3154 761 3201 et
775 3142 830 3200 hoc
842 3161 929 3200 sensu
945 3161 1050 3219 semper

118 3242 219 3280 verum
235 3233 289 3292 est,
304 3223 393 3299 quod,
417 3224 441 3282 si
455 3224 581 3281 intentio
595 3223 633 3280 sit
646 3224 735 3292 bona,
755 3223 845 3280 etiam
856 3225 932 3299 opus
947 3222 1050 3280 bonum

118 3304 163 3361 sit.
185 3302 283 3361 Aliam
298 3314 337 3373 et,
353 3315 386 3362 ut
395 3314 527 3382 apparet,
548 3303 699 3361 meliorem
713 3301 804 3380 hujus
817 3301 979 3378 parabolici
994 3321 1048 3360 ser-

116 3383 212 3441 monis
235 3385 517 3461 interpretationem,
540 3383 612 3442 vide
631 3383 713 3462 apud
733 3383 907 3443 Jansenium
922 3381 954 3439 in
977 3378 1072 3441 hunsl

118 3464 224 3522 locum.

159 3547 207 3601 An
232 3544 369 3621 equidem
384 3544 509 3603 intentio
533 3544 605 3602 boni
628 3543 695 3602 finis
718 3562 778 3602 non
792 3542 903 3602 minuit
914 3542 1052 3601 malitiam

117 3623 186 3681 mali
198 3625 316 3682 medii?
577 3652 580 3657 ·

154 3703 178 3758 l.
211 3706 244 3762 R.
260 3705 460 3776 Affirmative;
487 3704 558 3764 hinc
577 3704 693 3765 dicits.
713 3708 794 3781 Aug.
823 3703 875 3764 lib.
899 3710 928 3764 8.
956 3712 1055 3763 contre

112 3783 297 3843 mendacium
313 3805 377 3863 cap.
390 3795 416 3845 8.
433 3793 451 3820 ‘⁸
466 3785 552 3863 Pejor
564 3796 617 3855 est,
646 3785 698 3862 qui
707 3784 954 3862 concupiscendo,
968 3787 1054 3862 quim

106 3873 127 3896 ··‘
139 3865 194 3944 qui
207 3867 392 3941 miserando,
419 3866 564 3926 iuratur.n
586 3865 676 3926 Ratio
689 3875 746 3933 est,
771 3863 856 3941 uulsi
874 3864 929 3942 oui
945 3865 1053 3928 melum
