2160 4072
110 91 155 155 24
477 104 680 154 materanos

124 265 128 272 '
149 256 224 315 Inst.
247 255 356 315 Saltem
368 256 457 316 'Deus
467 253 567 335 potuit
580 251 722 324 noluisse,
738 250 897 330 quilibet&
908 252 1003 316 voluit
1010 256 1041 313 ab

108 345 238 408 aetern03
260 354 332 414 ergo
346 336 431 396 Deus
444 344 543 414 potest
557 352 657 393 carere
677 332 778 411 aliquo
798 333 856 394 eibi
878 336 1040 404 intrinseco,

109 427 177 476 actu
191 416 299 494 nempe
312 416 416 480 libero,
437 416 491 494 qui
512 417 578 474 Deo
592 415 726 473 internus
740 424 806 484 est3
827 433 860 474 er
933 426 990 476 etc.

151 499 185 557 R.
209 498 245 555 In
267 497 324 556 hoc
346 497 426 555 nodo
449 494 650 565 dissolvendo,
670 493 724 572 qui
742 491 832 554 facile
856 436 1041 557 ffieillimus

109 587 163 648 est,
183 576 312 637 multllm
326 576 463 635 laborant
477 575 654 652 Theologi.'

150 656 333 728 Notandum,
355 658 437 735 quod
449 666 533 715 actus
555 654 612 713 Dei
626 654 669 712 nil
682 654 765 713 aliud
785 653 834 726 ait,
856 658 951 736 qudm
964 668 1040 717 actua

108 741 174 817 ejus
192 738 385 808 necessarius,
407 748 441 796 ut
455 736 529 794 dicit
540 746 721 814 respectum,
743 754 794 794 seu
809 738 1040 798 terminationem

44 890 47 895 ¹
107 841 168 879 non
182 823 376 877 necessariam
389 817 428 876 ad
442 827 600 877 creaturas.

150 900 191 958 11.
215 899 384 958 Dicendum
396 899 499 975 igitur,
515 896 597 974 quod
610 898 693 955 Deus
704 905 773 955 actu
782 895 879 957 libero
891 897 1040 959 entitatirl
1065 912 1068 965 ζ

109 992 238 1059 sumpto,
260 999 358 1038 carere
373 999 433 1037 non
443 978 556 1057 possit3
571 977 649 1047 ciam,
663 986 699 1035 ut
708 977 764 1047 sic,
776 977 815 1036 sit
824 979 1007 1038 necessarius
1016 988 1041 1037 et
1065 1012 1068 1025 =

109 1063 147 1120 ab
158 1059 391 1120 essentiadivina
398 1078 459 1117 non
470 1057 790 1135 distinguaturepossit
798 1062 868 1117 veni
879 1060 932 1119 illo
941 1078 1039 1128 carere,
1066 1104 1068 1109 -

108 1153 199 1222 prout
213 1140 287 1199 dicit
299 1150 467 1218 respectum
482 1158 533 1196 seu
547 1137 785 1196 terminationem
799 1137 838 1195 ad
851 1150 1006 1200 creaturas.

149 1221 252 1280 Dices:
278 1220 446 1280 terminatio
455 1219 507 1276 illa
520 1228 565 1276 eet
575 1219 642 1276 Deo
652 1218 820 1284 intrinseca.
842 1219 912 1277 edm
920 1238 1039 1298 peream

109 1303 293 1361 consituatur
305 1301 397 1359 libert
420 1319 496 1377 ergo
504 1299 528 1357 si
542 1305 576 1356 et
592 1316 693 1356 carere
705 1298 808 1376 possit,
824 1300 938 1359 carebit
948 1300 1040 1379 aliquo

114 1383 171 1440 sibi
184 1382 357 1442 intrinseco.

152 1464 187 1524 R.
203 1464 287 1521 Deus
297 1461 350 1520 illa
359 1459 566 1520 terminatione
576 1479 675 1518 carere
685 1469 785 1539 potest
795 1460 851 1518 sub
864 1460 1040 1521 rationeter-

107 1543 286 1613 minationis,
297 1562 357 1600 non
370 1547 440 1600 verb
456 1543 511 1598 sub
525 1540 639 1598 ratione
652 1539 791 1600 entitatis.
808 1538 887 1600 Vide
902 1541 1040 1602 Daelman

109 1633 139 1682 et
153 1625 304 1700 Wiggers,
326 1621 378 1700 qui
392 1619 505 1698 optime
518 1619 576 1679 hoc
590 1620 754 1680 deducunt.

264 1785 302 1842 N.
330 1791 372 1850 17.
415 1782 473 1841 DE
496 1780 787 1840 AETERNITATE
811 1782 899 1839 DEI.

340 1944 373 2004 S.
391 1943 488 2001 Tlom.
513 1950 539 2002 1.
550 1951 629 2020 part.
650 1949 748 2022 quaest.
773 1947 819 2000 10.

108 2108 132 2165 1.
156 2104 303 2172 Definitur
316 2101 465 2163 oelernilul.
507 2103 548 2161 Il.
573 2100 752 2179 Explicatur.
797 2100 859 2159 ΙΙΙ.
881 2101 1038 2161 AElerm'lus
1058 2150 1070 2167 .

147 2186 200 2242 soll
220 2185 283 2241 Deo
297 2180 425 2262 propria.
470 2181 523 2240 IV.
538 2181 627 2247 -Quid
640 2198 738 2238 cauum
777 2181 816 2240 V.
842 2179 919 2245 Quid
931 2189 983 2238 tem
1005 2202 1041 2238 aa.

147 2266 204 2326 VI.
229 2261 383 2320 Diatinclio
405 2259 478 2319 inter
502 2260 684 2320 aeternitalem
697 2263 830 2318 erasum.
872 2260 948 2318 Vll.
1001 2280 1043 2317 uo-

124 2368 129 2374 ·
148 2345 227 2402 modd
247 2339 395 2418 praeterita
409 2339 453 2397 vel
463 2342 568 2417 futura
582 2339 639 2398 aiut
662 2339 693 2396 in
710 2338 867 2398 calamitate
884 2339 1043 2418 praesentia.

148 2503 257 2578 QUID
272 2510 316 2559 est
332 2501 504 2559 aeternitas?

149 2584 173 2642 l.
191 2584 225 2642 R.
242 2581 402 2639 AElernitas
414 2579 516 2640 stricte
529 2578 610 2638 dieta
628 2579 768 2639 definitur
782 2581 800 2638 a
814 2580 936 2641 Boe'tio:
963 2586 983 2615 “
999 2581 1044 2638 ln·

109 2663 335 2722 “terminabilis
354 2662 422 2719 vitae
436 2673 498 2720 tota
512 2660 601 2718 simul
614 2671 645 2719 et
657 2661 790 2739 perfecta
803 2661 979 2737 possessio.”

149 2743 189 2801 ll.
207 2743 327 2801 Dicitur
342 2749 362 2775 “
375 2741 603 2801 interminabilia
616 2742 711 2811 vitae‚''
724 2741 755 2798 id
769 2752 822 2812 eat,
837 2760 899 2800 non
912 2739 1046 2801 habentis

108 2823 268 2883 terminum
281 2822 358 2879 initii
370 2821 419 2878 vel
432 2821 507 2879 finis.

147 2909 168 2936 “
182 2902 258 2959 Tota
271 2900 388 2971 simul,''
414 2914 448 2959 ut
462 2900 638 2960 excludatur
663 2900 770 2960 divisio
782 2911 813 2959 et
826 2884 977 2960 sudcessio
985 2924 995 2974 ;
1018 2901 1047 2959 in

106 2981 270 3042 aeternitate
293 2983 370 3039 enim
385 2992 430 3039 est
447 2981 570 3039 unicum
592 2982 705 3041 instans
728 3001 844 3059 semper
864 3001 998 3060 praesens
1020 2991 1048 3039 et

107 3062 280 3122 subsistens.

147 3151 168 3179 “
183 3143 223 3200 Et
236 3141 395 3218 perfecta,”
421 3151 455 3199 ut
468 3141 644 3200 excludatur
657 3142 748 3200 etiam
767 3143 881 3202 instans
894 3143 1047 3221 temporis,

107 3224 188 3304 quod
202 3223 274 3280 licet
287 3232 385 3299 partes
399 3241 459 3279 non
473 3222 589 3291 habeat,
611 3232 769 3281 esttamen
788 3222 876 3282 valde
889 3223 1047 3302 imperfec-

104 3321 179 3374 tum,
195 3303 264 3361 ciam
277 3321 338 3359 non
353 3301 504 3367 subsistat,
524 3302 577 3359 sed
592 3302 691 3361 statim
704 3314 846 3365 transeat.

144 3392 165 3420 “
181 3382 357 3452 Possessio,''
371 3382 409 3439 ad
424 3381 648 3459 significandam
662 3383 854 3442 stabilitatem
869 3394 900 3443 et
913 3383 1048 3444 indefici-

106 3466 223 3526 entiam.

146 3545 205 3603 ΙΙΙ.
228 3544 303 3602 Haec
325 3541 474 3600 aeternitas
499 3542 541 3601 sic
566 3543 713 3621 explicata
736 3543 875 3603 convenit
890 3542 946 3602 soli
972 3546 1047 3619 Deo,

100 3628 187 3707 juxta
202 3623 276 3681 illud
294 3624 415 3681 Deuter.
438 3640 502 3700 cap.
519 3632 545 3682 3.
562 3639 598 3681 'v.
623 3632 684 3695 403
717 3632 739 3659 “
753 3626 832 3684 Vivo
845 3645 903 3702 ego
916 3625 949 3683 in
963 3636 1048 3685 oeter-

105 3716 207 3763 “num
217 3706 247 3775 ,·’'
271 3714 300 3761 et
318 3703 394 3760 l’sal.
418 3711 483 3762 101.
498 3725 526 3761 v.
547 3709 597 3764 28.
623 3712 645 3738 “
659 3705 707 3765 Tu
722 3718 820 3765 autem
835 3705 915 3765 idem
927 3706 992 3787 ipse
1008 3724 1047 3776 ea,

92 3783 243 3842 “etanni
259 3784 304 3842 tui
323 3804 383 3843 non
403 3784 570 3845 deficient·”
