2160 4072
412 115 458 159 ne
481 111 655 159 sacrans.
940 94 1003 159 tet

101 218 139 318 li.
152 260 250 321 Puer:
278 259 330 330 ita,
344 260 415 339 quia
427 279 529 320 omnes
539 261 622 319 fures
635 258 750 319 vadunt
761 260 801 319 ad
813 260 970 319 infernum.

100 340 238 399 confec
278 340 392 400 Tamen
405 341 534 420 peccasti
557 339 721 399 mortaliter
741 350 844 399 contra
857 341 1008 400 conscien-

53 416 133 477 tiam
146 419 221 479 :sed
233 419 298 481 dice
307 421 381 500 jam,
405 423 486 500 qudd
499 421 614 479 furtum
626 419 715 479 unius
729 420 815 480 solidi
828 440 866 479 ex
890 440 922 480 se
947 441 1008 480 non

53 496 105 573 nf't
115 510 274 577 peccamm
288 500 412 560 mortale
419 526 429 574 3
452 512 497 561 est
510 512 610 560 tamen
621 499 733 559 offensa
743 502 811 572 Dei,
825 512 856 560 et
868 501 936 559 ideo
947 522 1009 561 non

53 576 134 641 lieet
143 579 251 651 furari,
264 579 426 660 nequidem
439 602 533 642 unum
548 581 753 659 quadrantem.

92 658 208 720 'Posset
217 661 306 721 etiam
320 663 496 740 interrogari
509 682 584 740 puer
606 662 668 733 ille,
689 682 761 721 num
771 670 858 740 putet
871 661 929 721 hoc
944 662 1009 721 fur·

53 746 129 799 mm
142 760 207 800 essa
226 743 391 801 maximum
404 763 491 802 suum
501 751 666 821 peecatum,
681 743 761 820 quod
775 748 838 801 tote
853 743 913 800 viu
929 761 1009 800 oom-

53 817 153 891 misit,
167 821 194 879 si
207 820 288 881 dicat
300 823 380 901 quod
391 823 452 895 sic;
477 826 596 901 siguum
610 833 664 893 est,
679 823 760 901 quod
770 823 885 883 laboret
898 823 1011 883 eonsci-

58 899 143 967 entis
157 904 291 963 erronee.

101 980 182 1041 Hac
190 983 369 1043 tenementis
378 1004 501 1044 erronea
512 984 544 1042 in
558 985 658 1061 pueris
672 984 851 1063 quandoque
863 984 1012 1062 reperitur

60 1058 142 1121 eirca
154 1063 269 1121 furtum
287 1063 376 1123 unius
389 1065 471 1123 assis.
997 1102 1000 1107 ·

102 1141 303 1215 Quandonam
312 1145 425 1203 ratione
433 1143 534 1203 damni
543 1155 698 1223 peccatum
709 1143 1008 1205 venislefitmortale?

103 1220 167 1281 111.
184 1222 217 1280 R,
233 1224 363 1297 Quando
376 1245 502 1302 peccans
515 1226 654 1303 praevidit
664 1224 712 1284 vel
725 1224 891 1303 praevidere
908 1226 1009 1303 potnit

62 1310 96 1361 ct
107 1301 222 1372 debuit,
234 1303 314 1382 qued
327 1325 363 1364 ex
377 1306 435 1365 isto
448 1326 502 1364 suo
515 1317 638 1383 peccato
651 1304 739 1365 alicui
757 1304 1010 1363 obventurum·ait

63 1380 207 1443 domuum
220 1394 273 1443 aut
285 1397 498 1444 nocumentum
511 1386 660 1445 notabile:
690 1406 718 1444 v.
732 1406 764 1464 g.
778 1385 860 1462 quud
874 1404 911 1443 ex
924 1403 1008 1442 men-

65 1458 150 1523 dacio
160 1463 264 1541 jocoso
276 1465 407 1541 graviter
417 1465 553 1524 laedenda
573 1467 611 1525 sit
633 1466 712 1524 fama
725 1464 862 1544 proximi,
878 1464 957 1543 quod
972 1484 1009 1522 ex

68 1538 146 1603 furto
158 1545 248 1603 unius
261 1548 331 1604 scits
344 1556 438 1605 sartor
452 1545 582 1604 notabile
593 1545 735 1604 damnum
748 1556 800 1603 aut
808 1546 927 1604 lucrum
946 1564 1009 1603 ces-

69 1641 131 1683 sans
144 1623 183 1684 ait
193 1644 343 1701 passurus,
371 1631 404 1687 ed
419 1626 500 1704 quod
514 1627 551 1684 ab
565 1646 655 1704 opere
668 1645 780 1685 cessare
794 1635 926 1707 cogatur.
949 1624 1010 1684 Hic

70 1704 171 1763 modus
184 1715 300 1783 spectat
313 1704 351 1765 ad
364 1707 617 1766 circumstantiam
630 1714 651 1742 “
665 1706 767 1785 quid.'’
986 1718 992 1727 ’

105 1786 155 1844 De
168 1784 277 1844 damno
291 1806 343 1846 seu
357 1787 536 1846 detrimento
546 1787 692 1866 spirituali
703 1787 885 1858 dictumest,
904 1785 957 1844 ubi
971 1785 1010 1844 de

71 1865 162 1938 primo
175 1865 274 1936 modo,
289 1887 341 1925 seu
355 1867 393 1928 de
404 1867 551 1927 scandalo.

103 1946 295 2023 Quamquam
309 1968 346 2006 ex
356 1948 421 2008 aliis
430 1946 608 2024 quibusdam
619 1947 846 2006 circumstantiis
859 1942 1011 2004 hincinde

70 2026 180 2084 veniale
191 2026 254 2085 fieri
263 2028 357 2104 possit
369 2027 502 2098 mortale,
516 2037 616 2085 tamen
630 2038 742 2106 septem
752 2026 833 2084 modi
838 2026 902 2105 jam
915 2024 1010 2103 expli·

67 2107 121 2167 cati
132 2116 206 2165 sunt
217 2107 409 2186 praeoipui,ut
422 2107 535 2167 dictum
545 2117 599 2165 est.

102 2267 144 2326 N.
168 2266 235 2338 169.
260 2269 317 2327 DE
339 2266 603 2328 VENIALIBUS
624 2265 972 2327 MULTIPLICATIS.

321 2427 353 2489 S.
368 2430 467 2490 Tlrom.
482 2438 578 2508 quoesl.
594 2435 640 2488 88.
659 2435 714 2486 art.
729 2436 758 2487 4.

206 2585 233 2646 l.
249 2584 344 2645 Multa
364 2586 486 2646 venialia
508 2609 561 2647 aaa
574 2586 744 2647 constituunt
756 2581 881 2641 mortale.

101 2745 168 2804 AN
188 2743 283 2803 multa
303 2744 431 2804 venialia
455 2744 543 2806 simul
567 2753 696 2824 possunt
717 2740 896 2802 constituere
916 2758 1010 2798 unum

55 2824 215 2885 mortale?
391 2843 395 2850 ·
470 2858 475 2867 ι
976 2836 987 2865 ·-

103 2906 132 2965 Ι.
149 2905 184 2962 Β.
210 2906 285 2980 Neg.
305 2905 376 2982 quia
389 2905 508 2966 malitiae
529 2916 718 2984 peccatorum
731 2901 901 2961 mortalium
915 2911 945 2958 et
959 2920 1010 2958 ve-

54 2984 190 3045 nialium
213 2984 354 3044 differunt
377 2996 440 3044 toto
466 3006 585 3065 genere,
611 2996 642 3043 et
665 2994 733 3049 sunt
756 2983 865 3041 diversi
888 2979 1010 3039 ordinis.

57 3064 186 3125 Deinde
200 3064 309 3123 malitia
322 3067 437 3143 peccati
456 3066 588 3126 mortalis
601 3062 749 3123 infinitum
768 3063 859 3121 distat
872 3064 887 3119 l
899 3059 1011 3118 malitia

57 3145 179 3222 peccati
199 3145 330 3214 venialis,
354 3157 445 3224 prout
466 3147 554 3206 etiam
578 3144 790 3224 poenapeccati
811 3140 942 3200 mortalis
965 3150 1011 3197 est

59 3237 185 3296 aetema,
198 3225 312 3304 peccati
326 3225 449 3284 venialis
461 3248 516 3306 per
526 3247 557 3285 se
567 3224 681 3285 tantum
692 3221 871 3302 temporalis.
905 3234 908 3238 '

103 3305 191 3364 Idem
203 3306 291 3365 etiam
302 3306 455 3366 confirmat
464 3308 565 3384 praxis
577 3304 726 3374 Ecclesiae,
745 3304 832 3383 juxta
840 3318 930 3378 quam
940 3317 1012 3376 pec-

59 3397 130 3446 cata
140 3386 267 3445 venialia
277 3387 465 3463 quantumvis
478 3386 675 3465 multiplicata
687 3404 747 3443 non
770 3392 839 3441 sunt
853 3381 884 3439 in
895 3378 1010 3438 confes·

60 3468 148 3527 sione
168 3467 329 3526 necessarie
343 3467 555 3546 exprimenda:
580 3466 661 3544 quod
671 3484 731 3523 non
746 3472 822 3522 esset
831 3458 1009 3538 generaliter

59 3547 136 3607 aliis
157 3566 271 3606 verum.
633 3576 637 3584 ·

105 3626 178 3705 Obj.
196 3628 219 3685 1.
234 3628 324 3687 Plura
343 3647 435 3706 parva
458 3627 537 3686 furta
550 3623 734 3686 constituunt
758 3620 879 3682 tandem
893 3619 1007 3677 furtum

59 3707 208 3847 m‘ffler
235 3728 307 3788 ergo
321 3707 447 3769 venialia
468 3706 665 3788 multiplicata
686 3713 812 3787 possunt
832 3699 1012 3762 constituere

53 3808 88 3845 rn
165 3805 192 3845 e.
898 3832 901 3837 .
987 3826 991 3835 .
1022 3818 1029 3826 -
