2160 4072
409 105 457 149 nn
480 102 547 150 neo
904 89 949 158 59

54 251 88 310 ll.
103 250 283 328 Apostolum
296 270 358 311 non
379 251 523 312 Absolute
543 271 696 312 removere
716 271 817 313 curam
830 253 949 313 boumi

53 351 90 400 so,
105 330 157 388 sed
170 328 288 390 tantdm
296 331 383 402 velle,
398 332 480 410 quod
492 332 603 392 nonsit
614 343 675 393 tam
690 333 826 410 specialis
839 353 911 392 cura
920 335 950 393 in

53 430 82 468 eo
93 411 132 469 de
145 413 253 481 bobus,
268 413 358 490 quim
373 412 411 471 de
421 412 600 471 hominibus.
643 414 690 472 Ita
704 415 735 473 S.
750 413 856 472 Thom.
870 414 910 473 ad
921 422 950 473 5.

58 489 286 553 Convenimtids
312 502 412 570 tamen
439 502 539 552 textus
566 494 725 570 exponitur
759 494 827 552 hoo
842 494 950 552 modo:

53 571 159 648 unquio
177 574 245 632 Deo
255 583 337 631 tanta
350 584 395 632 est
405 593 477 634 cura
486 573 524 632 de
533 573 642 643 bobus,
657 584 691 632 ut
698 585 820 651 propter
831 593 881 632 eos
894 574 952 634 hoc

53 664 196 727 aceptum
212 652 345 731 (nempe,
374 662 392 688 ‘⁴
407 672 468 711 non
481 652 619 730 alligabis
637 675 670 712 os
683 655 753 712 bovi
766 654 950 732 trituranti”)

53 729 141 800 derit,
168 743 199 790 et
212 752 269 791 non
283 734 381 811 potiris
394 754 449 811 pro
462 733 656 794 hominibus?
685 753 724 791 ne
736 754 796 805 eos,
825 754 952 812 quorum

53 822 140 870 untur
165 816 266 889 operi,
290 815 455 891 praesertim
483 813 636 872 Ministros
663 814 830 892 Evangelii,
855 814 953 872 debiti

53 891 158 951 audent
168 892 317 952 alimonii.

60 972 128 1050 obj.
143 972 187 1030 ll.
204 974 234 1032 S.
246 975 353 1044 Thom,
378 984 484 1052 quaest.
497 981 547 1034 23.
561 984 616 1032 art.
632 983 660 1040 7.
675 975 705 1032 iu
734 982 754 1008 “
766 977 855 1052 Corp.
871 973 953 1046 dicit,

53 1071 177 1110 umerum
190 1054 292 1126 boum,
317 1055 366 1113 vel
378 1055 536 1132 publicum
548 1073 609 1111 non
623 1075 687 1114 esse
699 1075 753 1134 per
768 1075 799 1113 se
812 1055 953 1132 preordi-

53 1141 119 1189 itum
135 1132 245 1196 aneo.

60 1212 187 1283 lidicit,
215 1214 300 1273 illum
314 1234 474 1273 numerum
497 1233 557 1272 non
572 1234 635 1273 esse
648 1215 880 1293 praeordinatum
900 1236 954 1294 per

53 1291 104 1360 ,id
113 1305 168 1365 est,
178 1307 300 1373 propter
314 1315 354 1365 se,
366 1295 418 1352 sed
431 1304 554 1372 propter
568 1295 659 1365 aliud,
674 1315 781 1373 nempe
796 1305 828 1354 ut
842 1296 954 1356 ibidem

53 1371 157 1449 rpHcat,
180 1374 221 1433 ad
244 1375 498 1434 conservationem
523 1375 642 1451 speciei,
677 1377 790 1434 bouum
814 1377 954 1446 universi,

53 1451 176 1511 ilitatem
197 1454 362 1526 hominum,
381 1466 437 1514 etc.

61 1529 128 1610 Obj.
141 1533 203 1592 111.
223 1535 255 1594 Si
269 1537 354 1594 Deus
364 1535 463 1594 omnia
475 1535 640 1612 provideat,
659 1535 700 1593 nil
717 1535 774 1594 erit
787 1536 954 1594 fortuitum:

53 1631 86 1669 un
94 1613 212 1671 nullum
224 1614 377 1692 provisum
391 1627 435 1673 est
448 1614 618 1674 fortuitum.

64 1693 95 1750 R.
111 1695 221 1771 Reipsa
228 1695 272 1753 nil
281 1715 344 1754 esse
350 1696 507 1755 fortuitum
516 1706 654 1773 respectu
668 1697 737 1766 Dei,
752 1697 804 1773 qui
814 1707 859 1754 est
868 1716 955 1756 causa

53 1772 195 1832 riversalis
204 1775 367 1853 providens
375 1776 474 1834 omnia
481 1799 492 1847 ,·
506 1786 538 1834 at
549 1786 647 1854 potest
654 1776 769 1854 aliquid
777 1796 840 1835 esse
849 1777 955 1837 fortui-

53 1872 83 1910 nr
104 1864 135 1912 et
155 1855 273 1913 casuale
284 1867 421 1933 respectu
436 1876 531 1916 cause
552 1855 749 1933 particularis,
771 1855 956 1934 inquinamini,

53 1941 61 1990 l
73 1935 105 1994 S.
120 1933 252 1994 Thomas
262 1936 300 1993 ad
313 1944 338 1994 1.
351 1936 455 1995 ordine
463 1956 558 1995 causae
565 1936 752 2014 particularia
761 1947 860 2014 potest
867 1936 955 1996 exire.

63 2011 179 2072 Locum
196 2016 226 2074 S.
240 2015 426 2095 Hieronymi,
453 2017 505 2094 qui
518 2015 568 2075 hic
581 2016 671 2094 objici
686 2027 797 2094 posset,
826 2015 955 2094 explica·

53 2113 82 2150 m
98 2094 168 2152 vide
183 2095 212 2150 N
215 2116 273 2153 um.
288 2105 338 2163 27.
354 2097 435 2174 apud
448 2097 831 2174 Wiggers.quaest.14.art.
847 2097 875 2158 6.

58 2176 109 2232 An
121 2194 225 2232 omnes
248 2194 295 2235 res
303 2187 499 2254 assequuntur
513 2176 602 2234 finem
613 2176 709 2248 illum,
737 2176 776 2236 ad
793 2197 883 2255 quom
897 2176 955 2235 Dei

53 2254 219 2313 rovidentia
237 2254 422 2316 ordinantur.

58 2335 114 2393 IV.
137 2338 173 2393 R.
191 2335 344 2413 Distingui
368 2337 458 2396 debet
480 2337 592 2414 duplex
607 2337 673 2396 finis
684 2336 890 2417 :particularis
902 2356 955 2396 seu

53 2415 224 2485 cundarius,
235 2417 286 2492 qui
301 2416 423 2476 cuilibet
436 2418 479 2474 rei
492 2417 632 2495 proprius
646 2429 700 2488 est,
711 2439 739 2476 v.
755 2439 785 2495 g.
797 2417 955 2477 Beatitudo

53 2515 129 2554 erna
144 2507 282 2572 respectu
296 2497 450 2554 hominum
464 2520 474 2567 ;
489 2507 520 2554 et
533 2498 708 2556 universalis
722 2518 773 2556 seu
788 2496 954 2575 primarius,

53 2577 70 2633 u·
92 2586 140 2634 est
151 2576 349 2634 manifestatio
376 2577 485 2635 divinae
507 2577 620 2656 gloria,
648 2578 802 2646 bonitatis,
823 2575 954 2655 justitia,

53 2661 208 2732 lorumque
222 2657 281 2714 Dei
294 2658 512 2716 attributorum.
554 2657 725 2717 Dicendum
739 2658 849 2736 itaque,
875 2657 956 2734 quod

53 2757 64 2794 s
76 2756 140 2794 non
153 2755 269 2813 semper
278 2748 473 2814 assequantur
486 2737 572 2795 finem
584 2757 671 2796 suurn
686 2739 893 2797 secundarium
903 2758 955 2797 seu

53 2815 245 2885 uticularem,
260 2817 332 2893 quia
343 2817 394 2875 ille
407 2837 467 2876 non
481 2828 526 2877 est
539 2838 655 2896 semper
678 2817 696 2876 εὶ
712 2820 779 2877 Deo
801 2818 957 2877 efficaciter

53 2897 151 2968 litus;
166 2896 219 2953 sed
240 2896 307 2953 finis
327 2898 502 2956 universalis
524 2916 640 2976 semper
664 2900 762 2957 aDeo
785 2898 953 2969 obtinetur;
981 2950 987 2959 ,

53 2978 89 3036 iia
100 2976 151 3034 ille
161 2995 276 3053 semper
282 2979 436 3036 efficaciter
445 2978 537 3037 iDeo
547 2989 591 3037 est
600 2979 720 3050 volitus3
731 2989 761 3037 et
774 2979 830 3038 huc
842 2978 956 3037 ratione

53 3056 166 3114 Divina
179 3057 365 3133 providentia
378 3059 463 3116 insui
477 3057 669 3137 dispositione
679 3079 739 3116 non
755 3059 870 3118 fallitur
881 3061 908 3128 ;”
924 3070 956 3116 ut

53 3136 113 3194 ibet
127 3136 252 3195 collecta
268 3139 434 3196 Dominicae
447 3140 580 3215 septimae
593 3150 666 3216 post.
676 3142 879 3199 Pentecosten.

62 3216 281 3293 IdexplicatS.
295 3217 402 3276 Thom.
416 3228 519 3295 quaest.
543 3226 585 3289 19.
611 3232 665 3278 art.
690 3219 718 3279 6.
742 3220 774 3276 iu
791 3219 874 3294 Corp.
900 3216 957 3275 h'oc

53 3296 128 3355 odo:
142 3305 162 3330 “
177 3295 252 3354 cum
263 3297 400 3356 voluntas
416 3299 474 3356 Dei
487 3298 525 3356 sit
539 3299 713 3358 universalis
727 3318 815 3358 causa
828 3296 958 3354 omnium

54 3397 163 3445 rerum,
172 3377 353 3453 impossibile
364 3389 418 3448 est,
429 3379 509 3454 quiid
520 3378 622 3438 divina
630 3380 767 3437 voluntas
776 3396 861 3435 suum
872 3374 958 3434 effec-

58 3468 120 3514 tum
135 3476 198 3514 non
211 3468 409 3534 consequatur
425 3481 432 3516 ι
456 3458 535 3516 unde
549 3459 630 3536 qudd
654 3459 792 3517 recedere
804 3455 922 3515 videtur
941 3455 959 3513 i

56 3535 315 3596 divinavoluntate
329 3537 492 3596 secundina
502 3558 596 3596 unum
610 3539 753 3607 ordinem,
771 3536 915 3595 relabitur
928 3536 960 3592 in

53 3616 141 3693 ipsam
153 3618 319 3695 secundum
329 3618 436 3683 alium:
448 3619 525 3676 sicut
534 3630 683 3696 peccator,
695 3615 961 3696 qui,quanti1mest

58 3698 85 3754 in
95 3716 137 3768 se,
152 3697 291 3757 recediti
300 3697 401 3756 divina
417 3698 569 3758 voluntate
583 3695 916 3779 peccando,iuciduin
922 3715 974 3755 or-

58 3777 148 3833 dinem
152 3777 186 3832 di
187 3776 260 3834 mirae
269 3778 439 3851 voluntatis,
446 3780 519 3840 dum
531 3803 585 3862 per
592 3783 661 3866 ojus
668 3777 962 3867 justitiampurinur
967 3777 986 3833 1‘
