2160 4072
330 114 377 163 ιιιι
400 115 572 162 raccarrs.
853 92 918 162 349

45 258 128 334 UID
142 271 187 324 est
200 261 345 324 avaritia?
438 266 448 279 ⁸

55 348 90 404 R.
105 345 161 406 Est
172 343 356 403 inordinatus
370 342 520 421 appetitus
530 341 712 401 divitiarum
735 341 797 401 Sub
806 339 919 400 divitiis

51 425 165 483 tantum
174 423 473 519 'comprehenduntur
486 423 631 501 pecunia,
646 420 699 480 sed
719 420 827 491 omnia,
851 441 919 499 quse

45 505 104 562 mis
119 506 256 563 astimari
269 513 404 582 possunt,
419 513 449 561 et
462 513 603 582 tanquam
617 501 702 562 utilia
714 501 868 578 possideri.

45 586 62 643 l.
78 584 251 663 Dupliciter
260 585 382 643 avaritia
395 583 520 641 aliorum
531 594 722 675 peccatorum
735 592 780 640 est
793 601 881 641 causa
889 592 919 640 et

45 685 74 725 x.
91 665 131 724 1⁰.
142 666 332 742 inquantbm
324 663 459 742 pecuniae
471 666 607 740 praebent
614 661 776 732 materiam
791 661 920 721 occasio·

55 755 273 823 etpotestatem
286 743 476 822 perpetrandi
484 742 644 846 quodlibet
656 749 857 821 peccaturum
866 763 919 820 pe-

45 825 195 883 niaeenim
211 825 354 883 obediunt
367 825 500 884 omnia:’'
521 824 609 902 juxta
629 823 722 882 Eecli.
742 841 805 900 cap.
829 829 874 882 10.
890 842 918 880 ι.

49 903 93 964 20.
108 905 281 982 inquantum
295 905 347 964 vix
368 903 462 963 ullum
476 915 522 962 est
538 914 704 982 peccatum.
719 903 800 980 quod
813 922 920 962 avarus

54 984 93 1044 sit
105 995 225 1062 paratus
240 985 423 1044 committere
435 984 571 1060 pecuniae
584 982 773 1062 acquirendae
786 995 838 1041 aut
851 983 921 1041 reti-

45 1064 85 1123 ιιι
100 1071 206 1124 causet:
223 1066 293 1123 hinc
307 1065 418 1124 dicitur
433 1064 526 1128 Eccli.
541 1084 605 1143 cap.
622 1071 668 1123 10.
679 1083 708 1125 v.
724 1072 754 1132 9.
784 1070 805 1098 “
817 1063 922 1128 Avaro

45 1145 59 1202 .l
74 1155 118 1202 est
129 1145 307 1215 scelestiuS,”
318 1157 348 1204 et
356 1165 385 1203 v.
399 1150 443 1202 10.
470 1151 489 1178 “
502 1145 563 1204 Hic
574 1146 653 1203 enim
663 1153 693 1201 et
701 1143 829 1201 animam
838 1163 921 1202 suam

45 1225 156 1283 nialem
177 1225 293 1294 habet‚”
315 1225 348 1282 id
366 1235 419 1294 est,
439 1224 529 1282 vitam
552 1244 635 1285 suam
649 1222 771 1300 exponit
780 1222 921 1301 periculis

50 1303 189 1383 pecunia.

45 1395 175 1458 [uantum
188 1397 343 1463 peecatum
356 1397 401 1448 est
420 1385 562 1447 avaritia?

45 1467 85 1525 11.
111 1468 146 1527 R.
172 1466 359 1545 Quandoque
380 1466 514 1537 mortale,
529 1466 709 1544 quandoque
723 1465 856 1525 veniale:
879 1474 924 1524 est

45 1546 116 1616 tale,
144 1545 214 1604 dum
238 1547 409 1606 notabiliter
429 1545 601 1607 adversatur
624 1547 758 1626 justitiae,
774 1546 922 1616 charitati,

45 1627 198 1696 ιειιιιιιιι,
218 1638 252 1685 ut
265 1627 290 1684 si
304 1627 454 1705 appetitus
476 1627 647 1686 divitiarum
669 1631 701 1686 eo
727 1627 873 1697 deveniat,
888 1637 923 1685 ut

45 1727 79 1765 na
92 1707 200 1784 injuste
213 1707 346 1785 accipere
366 1717 418 1766 aut
437 1708 565 1767 retinere
578 1708 662 1779 velit,
675 1709 812 1786 proximo
826 1708 858 1764 in
871 1727 923 1765 ex·

45 1806 78 1844 na
90 1792 143 1851 aut
149 1804 235 1864 gravi
248 1787 421 1847 necessitate
431 1807 603 1848 succurrere
616 1789 759 1867 negligat,
781 1797 837 1847 etc.
852 1787 924 1845 item

45 1866 262 1941 ustuladum
277 1888 380 1946 qu1s1n
388 1867 499 1926 divitiis
510 1867 599 1928 finem
609 1869 748 1927 ultimum
760 1866 923 1935 constituit,

45 1962 148 2013 sensu
162 1947 272 2006 dicitur
284 1947 323 2006 ad
344 1949 455 2025 Ephes.
480 1967 545 2026 cap.
569 1957 598 2008 5.
641 1947 810 2007 “Avaritia
829 1945 924 2005 idolo-

45 2027 223 2086 iservitusss'

45 2109 80 2166 V
95 2107 128 2167 Si
139 2111 206 2166 verb
220 2108 343 2168 avaritia
356 2108 410 2169 soli
424 2120 592 2186 opponatur
604 2106 784 2178 liberalitati,
804 2107 879 2167 adeo
892 2116 927 2165 ut

45 2207 76 2246 ιο
88 2187 237 2267 superflue
252 2188 374 2267 quidem
394 2189 513 2248 divitias
523 2201 611 2260 amet,
627 2188 679 2248 sed
692 2197 790 2247 tamen
803 2197 928 2266 propter

51 2287 107 2328 nec
122 2268 294 2330 charitatem
309 2289 364 2329 nec
378 2269 466 2328 aliam
476 2269 618 2329 virtutem
630 2269 761 2347 graviter
775 2269 872 2337 ludat,
884 2279 929 2327 est

45 2360 141 2408 catum
156 2350 278 2408 veniale.
297 2349 344 2408 Ita
355 2351 384 2409 S.
400 2348 507 2408 Thom.
521 2359 549 2410 2·
563 2359 593 2410 2.
608 2359 709 2428 quaest.
738 2357 802 2410 118.
814 2359 869 2407 art.
882 2358 909 2409 5.

45 2429 97 2490 iac
111 2431 225 2488 ratione
238 2443 360 2490 excusat
383 2430 566 2508 Steyaertius
579 2431 597 2489 b
611 2429 928 2490 mortali'tenacitatem

45 2529 91 2569 um
106 2520 137 2568 et
149 2510 318 2579 mulierum,
334 2510 420 2570 modo
437 2510 551 2568 debitas
575 2520 698 2586 erogent
719 2509 928 2586 elebmosynaq
1002 2522 1009 2541 ·

45 2589 192 2683 iliumque
205 2610 266 2649 non
275 2590 392 2650 ludant.
421 2588 535 2648 Vitium
545 2600 645 2648 tamen
658 2590 715 2650 hoc
725 2598 770 2648 est
782 2588 930 2667 periculo-

45 2669 156 2741 imum;
186 2682 250 2729 tum
271 2671 352 2748 quod
365 2670 522 2730 difficulter
536 2669 697 2729 admodum
713 2682 841 2740 sanctur,
864 2680 930 2729 tum

45 2751 71 2808 ni
97 2716 256 2845 plebisque·
272 2771 308 2809 eo
336 2750 540 2811 laborantibus
563 2750 602 2808 sit
621 2750 825 2830 incognitum·
849 2750 930 2810 unde

45 2850 77 2888 uu
89 2830 258 2908 paucissimi
250 2831 310 2890 'de
321 2851 356 2889 eo
370 2851 433 2890 sese
447 2831 479 2888 ιιι
493 2829 675 2890 confessione
688 2843 836 2891 accusant.

45 2910 175 2983 luaenam
191 2922 260 2969 sunt
274 2911 404 2970 avaritiae
419 2911 510 2969 filiae?

45 2990 68 3047 l.
80 2993 115 3050 R.
132 2991 354 3050 Enumerantur
367 2992 386 3049 d
400 2992 430 3050 S.
445 2991 553 3050 Thom.
568 3000 622 3050 art.
638 2999 665 3051 8.
680 3011 717 3050 ex
732 2993 763 3051 S.
779 2993 871 3069 Greg.
884 2990 931 3049 bae

45 3079 114 3140 tem,
140 3070 251 3129 scilicet
275 3071 433 3129 obduratio
452 3071 550 3130 cordis
573 3083 676 3131 contra
689 3071 931 3141 misericordiam,

47 3150 177 3221 uietudo,
188 3151 335 3220 violentia,
344 3150 470 3222 fallacia,
482 3152 657 3245 perjurium,
668 3151 785 3211 frauset
792 3150 933 3230 proditio

45 3221 177 3302 Quaenam
193 3231 286 3290 virtus
300 3231 461 3309 opponitur
481 3231 632 3292 avaritiae?
1001 3257 1003 3261 ⁴

45 3311 88 3371 Vl.
101 3313 136 3371 R.
149 3311 285 3404 Largitas
297 3331 349 3370 seu
360 3311 530 3382 liberalitas,
542 3332 609 3389 quae
623 3312 810 3372 estvirtusin
822 3310 934 3370 divitiis

45 3388 192 3466 mirandis,
206 3392 416 3450 conservandis
429 3402 460 3451 et
481 3391 660 3485 elargiendis
678 3390 817 3450 affectum
831 3391 933 3450 mode·

45 3472 158 3550 sjuxta
169 3482 278 3530 rectam
293 3473 446 3530 rationem.
491 3473 565 3532 Haeo
579 3473 675 3530 virtus
695 3491 755 3528 non
776 3472 889 3530 tantum
903 3472 935 3530 in

46 3551 136 3610 itibus
151 3551 203 3609 sed
217 3562 246 3615 et
261 3552 291 3610 in
303 3553 484 3628 pauperibus
494 3552 618 3628 reperiri
631 3561 738 3630 potest,
750 3552 910 3628 quatenbs'
902 3573 935 3610 ιιι

48 3650 174 3710 repenrr
183 3642 281 3708 potest
290 3631 412 3692 affectus
422 3631 744 3710 liberalitererogandi,
751 3630 936 3692 srhaberent

45 3713 114 3779 [luie
130 3711 232 3769 virtuti
240 3712 364 3772 avaritia
374 3712 539 3792 opponitur
552 3734 608 3798 per
623 3711 834 3817 deiectum,et
843 3711 955 3792 prodix-

45 3791 90 3846 ias
97 3808 158 3864 per
170 3809 336 3852 excessum.

45 3863 111 3922 'raca
126 3866 321 3930 depereatis.
454 3887 474 3939 2
499 3897 523 3938 ιι
